3725 5400
918 485 1162 557 -338-

547 703 590 776 In
610 724 709 795 aqua
741 707 932 777 macerata
964 700 1117 775 Semina
1142 702 1252 775 valde
1272 705 1504 793 turgescunt.
1533 700 1638 774 Odor

442 854 575 906 eorum
594 835 652 904 est
671 830 856 923 fragrans,
878 829 1040 921 graviter
1058 828 1295 919 melilolinus,
1315 850 1430 921 sapor
1448 828 1637 921 mucilagi-

440 981 561 1033 nosus
578 963 615 1032 et
628 979 792 1032 amarus.
804 956 847 1030 ln
857 956 1016 1030 officinis
1027 961 1201 1051 prostant
1213 957 1253 1030 in
1266 957 1459 1051 pulverem
1474 956 1636 1030 redacta.

551 1085 689 1175 Pulvis,
708 1086 843 1159 coloris
859 1106 879 1158 e
894 1085 1003 1158 lusco
1018 1085 1119 1175 lutei,
1135 1083 1385 1176 microscopio
1401 1084 1637 1157 examinatus

441 1214 539 1288 sistit
564 1212 786 1308 praesertim
805 1212 1016 1304 fragmenta
1043 1211 1346 1306 parenehymatis
1376 1210 1637 1303 embryonalis‚

442 1342 480 1415 in
509 1340 633 1434 speeie
673 1338 937 1433 cotyledonum
971 1361 991 1413 e
1021 1339 1164 1412 cellulis
1192 1337 1380 1433 polyedris
1418 1340 1640 1413 membrana

442 1467 733 1559 tenuissimam
760 1468 943 1560 plasmate
964 1467 1094 1540 oleoso
1123 1465 1291 1559 granulis
1321 1466 1432 1559 amyli
1463 1488 1638 1540 necnon

442 1596 558 1670 aleuri
585 1595 758 1689 impletis,
789 1595 942 1667 cellulas
972 1593 1225 1687 endospermii
1250 1592 1456 1681 decolores
1486 1594 1525 1666 in
1540 1616 1639 1687 aqua

440 1723 550 1797 valde
579 1726 835 1796 tumescentes
865 1726 902 1795 et
929 1722 1193 1814 mucilaginem
1222 1721 1433 1795 emittentes
1463 1743 1532 1794 nec
1561 1744 1639 1794 non

442 1853 654 1944 fragmenta
668 1855 787 1924 testae
799 1849 953 1923 seminis
965 1873 985 1924 e
997 1850 1138 1924 cellulis
1149 1851 1386 1943 epidermidis
1401 1851 1637 1945 prismaiiciS,

442 1978 689 2072 inaequaliter
717 1977 936 2052 incrassatis
966 1983 1003 2052 et
1022 2000 1042 2051 e
1064 1978 1205 2051 cellulis
1224 1978 1506 2072 hypodermatis
1525 1979 1639 2052 turbi-

444 2107 542 2180 natis
559 2111 624 2180 aut
643 2106 964 2200 cyathiformibus

554 2234 657 2307 Marx
695 2256 743 2308 ne
781 2234 970 2326 relinquat
1007 2255 1027 2307 e
1065 2232 1233 2327 partibus
1280 2233 1356 2307 100
1398 2233 1484 2326 plus
1523 2256 1637 2327 quam

443 2367 570 2455 partes
592 2363 614 2434 3
636 2349 782 2499 einins

866 2499 1059 2636 Seueu
1087 2501 1221 2635 Lini.

554 2687 686 2762 Ionum
718 2687 988 2761 usitatissimum
1019 2687 1072 2779 L.‚
1104 2689 1234 2783 planta
1266 2711 1403 2781 annua,
1438 2691 1539 2783 apud
1568 2713 1639 2765 uos

444 2819 661 2911 frequenter
680 2818 780 2890 culta
798 2816 1007 2889 notissima.

554 2943 707 3018 Semina
726 2949 847 3033 ovata,
869 2965 1101 3038 compressa,
1122 2944 1290 3035 margine
1311 2949 1515 3034 attenuata,
1546 2946 1572 3018 4
1591 2945 1640 3018 ad

446 3074 469 3146 5
489 3071 701 3145 millimetra
718 3071 843 3162 longa,
879 3093 902 3143 a
919 3071 1035 3145 latere
1055 3071 1170 3165 apicis
1191 3071 1317 3145 obtusi
1335 3072 1549 3164 subobliqui
1562 3073 1639 3146 hilo

444 3199 575 3273 leniter
606 3198 801 3292 impressa,
834 3202 933 3272 testa
961 3198 1186 3288 laevissima,
1217 3198 1345 3288 nitida,
1375 3200 1494 3289 lusca,
1525 3201 1638 3290 tenui,

444 3327 574 3419 rigida,
598 3325 825 3419 epidermide
847 3326 1121 3419 mucilaginoso
1141 3327 1335 3416 instructa,
1356 3327 1444 3402 inde
1473 3328 1512 3399 in
1541 3349 1641 3420 aqua

446 3454 610 3528 emollita
645 3453 798 3544 lubrica,
836 3456 972 3527 nucleo
1012 3455 1136 3527 albicio
1175 3455 1233 3528 vel
1276 3455 1467 3545 subviridi,
1516 3457 1640 3548 amylo

448 3587 612 3670 carente,
634 3581 782 3674 saporis
802 3581 902 3655 mitis
922 3581 1052 3671 oleosi,
1074 3582 1177 3655 haud
1196 3581 1349 3654 rancidi.

554 3708 613 3781 Ad
623 3708 835 3804 parandum
851 3708 1048 3782 decoctum
1060 3709 1211 3782 Semina
1225 3710 1369 3800 integra
1379 3709 1639 3784 adhibeantur.

557 3835 770 3926 Quotannis
789 3836 1021 3909 renovanda.

557 3966 632 4037 100
652 3969 778 4057 partes
798 3963 935 4037 mercis
955 3985 1003 4036 ne
1031 3966 1117 4058 plus
1152 3986 1266 4056 quam
1295 3968 1421 4058 partes
1452 3966 1475 4037 5
1505 3965 1640 4039 cineris

443 4092 669 4184 relinquant.

771 4193 963 4331 Seuer
993 4196 1322 4366 Myristicae.

552 4398 741 4495 Myristica
758 4397 930 4498 fragrans
949 4401 1051 4475 vide:
1071 4401 1209 4475 Arillus
1227 4401 1448 4494 Myristicae.

553 4526 682 4600 Nuclei
711 4528 865 4601 seminis
898 4530 1022 4602 forma
1046 4529 1143 4602 evall
1175 4535 1241 4602 aut
1259 4529 1501 4621 subglobosa,
1536 4530 1640 4603 n-3

446 4655 666 4728 centimetra
703 4654 742 4727 in
780 4655 976 4746 diametro,
1016 4658 1233 4750 ponderosi,
1283 4661 1391 4730 extus
1432 4656 1641 4731 reticulato·
