3725 5400
908 410 1120 482 „54-

527 626 692 703 Sulribrr
709 627 862 720 limpide
892 627 934 701 in
968 627 1116 721 aequali
1143 628 1312 721 pondere
1348 627 1501 720 spiritua
1528 628 1614 701 vini

526 754 657 827 Partes
698 756 720 827 3
759 754 925 827 Balsami
965 761 1112 848 partem
1157 757 1174 828 1
1222 755 1400 829 carbonei
1440 754 1613 829 sulmraa

419 882 624 957 absorbent
653 881 742 975 quin
769 882 979 971 turbentur,
1011 903 1142 956 verum
1166 884 1194 955 8
1225 882 1306 956 aliis
1334 883 1503 976 partibus
1533 882 1615 955 eius

418 1009 556 1084 additis
581 1009 710 1083 resina
739 1010 886 1083 eiuseo
914 1008 1023 1101 nigra
1050 1010 1325 1103 praeripiatur.
1358 1009 1498 1102 liquor
1524 1010 1614 1082 inde

419 1138 563 1210 effusus
582 1135 760 1229 limpidus
779 1136 1024 1209 fusco-llavus
1044 1137 1148 1210 nullo
1163 1137 1277 1211 modo
1292 1138 1502 1210 fluoreseat

525 1262 668 1339 Solutio
687 1263 853 1337 Balsami
884 1263 925 1336 in
951 1262 1114 1338 hennino
1138 1265 1373 1338 exhalatione
1402 1268 1615 1356 spontanea
1671 1278 1673 1287 ’

414 1390 611 1466 residuum
629 1391 823 1464 oleaeeum
841 1390 1055 1464 subflavum
1068 1391 1234 1483 praebet,
1251 1391 1358 1483 quod
1371 1390 1505 1464 leniter
1519 1391 1614 1466 eale·
1733 1492 1743 1503 Ι

416 1518 557 1593 lartum
586 1538 712 1610 neque
734 1516 1051 1605 Terebinthinam,
1088 1539 1212 1612 neque
1246 1518 1449 1611 styracem,
1487 1539 1614 1611 11οφ10

419 1645 632 1718 balsamum
652 1644 840 1737 Copai’vae
859 1645 1040 1720 redoleat.

527 1771 827 1864 Conmmesando
864 1793 953 1845 eum
990 1795 1090 1866 aqua
1134 1772 1312 1846 volumen
1348 1772 1514 1846 Balsami
1565 1794 1615 1846 ne

414 1898 656 1977 diminuatur.

524 2025 619 2100 Pars
663 2027 679 2099 1
716 2026 882 2101 Bauami
919 2027 1092 2100 solvatur
1129 2026 1279 2119 limpide
1313 2027 1356 2103 in
1383 2027 1552 2120 partibus
1585 2028 1613 2101 b

419 2153 616 2227 solutionis
636 2153 790 2226 chlorali
809 2154 958 2246 hydrati
978 2155 1044 2245 (00
1062 2185 1110 2219 =
1132 2155 1232 2245 100).

527 2279 672 2368 Quodsi
689 2280 897 2354 miseellam
926 2302 947 2354 e
971 2281 1193 2373 grammisb
1222 2281 1397 2372 Balsami,
1426 2302 1546 2374 aquae
1577 2288 1616 2356 et

418 2408 530 2483 patrii
555 2407 832 2501 hydrooxydati
858 2408 973 2482 soluti
1001 2405 1050 2482 a‘a
1077 2408 1305 2482 centimetrie
1335 2408 1475 2482 eubieie
1498 2410 1547 2482 10
1575 2413 1615 2482 et

419 2535 582 2610 aetheris
610 2534 837 2609 centimetris
865 2536 1007 2609 cubicis
1039 2537 1114 2610 100
1152 2558 1220 2629 per
1250 2535 1431 2609 nonnulla
1467 2538 1615 2609 minuta

416 2662 560 2738 tortiler
578 2663 905 2755 conquassamus
931 2663 1149 2738 centimetra
1176 2664 1308 2737 cubica
1331 2665 1384 2738 50
1413 2663 1614 2740 solutionis

420 2790 596 2884 limpidae
617 2791 815 2864 aethereae
834 2791 873 2864 in
892 2791 1028 2865 balneo
1049 2812 1169 2883 aquae
1189 2792 1237 2864 ad
1255 2793 1407 2884 pondus
1432 2797 1614 2866 constans

418 2922 623 3012 evaporata
650 2918 803 2992 minime
831 2919 1127 3011 deoigrammala
1149 2919 1198 2992 14
1228 2918 1368 2993 residui
1396 2918 1612 3011 praebeant,

414 3047 525 3120 uuus
544 3066 725 3119 numerus
743 3045 1067 3139 saponifieationis
1088 3045 1136 3120 sit
1154 3044 1246 3118 030.

526 3171 875 3265 Aquadestillatum
885 3172 1104 3246 Balsamum
1113 3171 1365 3246 Peruvianum
1379 3194 1428 3247 ne
1437 3174 1616 3266 praebeat

420 3299 545 3373 oleum
565 3297 792 3373 aethereum.

606 3586 908 3742 Balsanun
939 3587 1139 3755 Styrax
1169 3586 1419 3760 liquidus.

437 3833 441 3842 ’
523 3804 784 3904 Liquidambar
803 3808 987 3882 0110010ῖί0
1006 3809 1160 3898 Miller,
1182 3810 1295 3882 arbor
1307 3808 1421 3881 Asiae
1440 3809 1611 3883 minoris.

522 3934 752 4023 Balsamum,
783 3957 803 4009 e
824 3936 962 4009 cortine
989 3936 1134 4009 arboris
1154 3937 1322 4010 coctione
1343 3957 1429 4009 eum
1455 3957 1556 4028 aqua
1576 3941 1614 4012 et

413 4061 659 4154 expressione
683 4067 859 4153 paratum
878 4063 978 4137 sistit
996 4084 1167 4140 massam
1187 4063 1475 4156 semiliquidam,
1505 4069 1611 4137 1011οε
1767 4133 1769 4136 .

412 4210 507 4279 uem,
528 4188 769 4281 gbitinosam,
799 4189 837 4262 in
858 4211 960 4283 aqua
985 4191 1263 4280 demergentem
1284 4196 1321 4263 et
1340 4211 1426 4264 eum
1445 4190 1610 4282 pauxillo

414 4338 538 4409 aquae
570 4316 796 4409 permixtam
832 4316 1036 4405 turbidam,
1076 4316 1212 4390 eoloris
1251 4338 1271 4389 e
1304 4317 1428 4409 griseo
1465 4318 1611 4390 lusces-

410 4444 541 4533 aentis,
573 4443 701 4518 odone
734 4444 934 4537 peculiaris
956 4444 1170 4536 fragrantis,
1216 4444 1363 4537 saporis
1407 4444 1612 4535 aromatici,

410 4570 737 4644 subamaricantis
1285 4601 1291 4614 ·
