<?xml version="1.0" encoding="UTF-8"?>
<!DOCTYPE html PUBLIC "-//W3C//DTD XHTML 1.0 Transitional//EN"
    "http://www.w3.org/TR/xhtml1/DTD/xhtml1-transitional.dtd">
<html xmlns="http://www.w3.org/1999/xhtml" xml:lang="en" lang="en">
 <head>
  <title>
</title>
<meta http-equiv="Content-Type" content="text/html;charset=utf-8" />
  <meta name='ocr-system' content='tesseract 3.04.00' />
  <meta name='ocr-capabilities' content='ocr_page ocr_carea ocr_par ocr_line ocrx_word'/>
</head>
<body>
  <div class='ocr_page' id='page_1' title='image "./pharmacopoeaaus00innegoog_0188.png"; bbox 0 0 3725 5400; ppageno 0'>
   <div class='ocr_carea' id='block_1_1' title="bbox 917 475 1301 548">
    <p class='ocr_par' dir='ltr' id='par_1_1' title="bbox 917 475 1301 548">
     <span class='ocr_line' id='line_1_1' title="bbox 917 475 1301 548; baseline 0.005 -2"><span class='ocrx_word' id='word_1_1' title='bbox 917 475 1153 548; x_wconf 82' lang='lat'>-156-</span> <span class='ocrx_word' id='word_1_2' title='bbox 1298 512 1301 519; x_wconf 36' lang='lat' dir='ltr'><em>v</em></span> 
     </span>
    </p>
   </div>
   <div class='ocr_carea' id='block_1_2' title="bbox 436 690 1632 1277">
    <p class='ocr_par' dir='ltr' id='par_1_2' title="bbox 436 690 1632 915">
     <span class='ocr_line' id='line_1_2' title="bbox 550 690 1632 788; baseline -0.004 -21"><span class='ocrx_word' id='word_1_3' title='bbox 550 696 626 768; x_wconf 98' lang='grc'>100</span> <span class='ocrx_word' id='word_1_4' title='bbox 645 699 771 788; x_wconf 87' lang='lat' dir='ltr'>partes</span> <span class='ocrx_word' id='word_1_5' title='bbox 805 693 941 767; x_wconf 89' lang='lat' dir='ltr'>mercis</span> <span class='ocrx_word' id='word_1_6' title='bbox 973 712 1022 766; x_wconf 90' lang='lat' dir='ltr'>ne</span> <span class='ocrx_word' id='word_1_7' title='bbox 1055 693 1142 785; x_wconf 85' lang='lat' dir='ltr'>plns</span> <span class='ocrx_word' id='word_1_8' title='bbox 1162 712 1278 785; x_wconf 87' lang='lat' dir='ltr'>quam</span> <span class='ocrx_word' id='word_1_9' title='bbox 1306 695 1431 785; x_wconf 87' lang='lat' dir='ltr'>partes</span> <span class='ocrx_word' id='word_1_10' title='bbox 1453 692 1476 765; x_wconf 89' lang='grc'><strong>6</strong></span> <span class='ocrx_word' id='word_1_11' title='bbox 1497 690 1632 764; x_wconf 87' lang='lat' dir='ltr'>cineris</span> 
     </span>
     <span class='ocr_line' id='line_1_3' title="bbox 436 823 658 915; baseline -0.005 -19"><span class='ocrx_word' id='word_1_12' title='bbox 436 823 658 915; x_wconf 67' lang='lat' dir='ltr'>relinquant</span> 
     </span>
    </p>

    <p class='ocr_par' dir='ltr' id='par_1_3' title="bbox 437 942 1632 1277">
     <span class='ocr_line' id='line_1_4' title="bbox 547 942 1631 1039; baseline -0.006 -17"><span class='ocrx_word' id='word_1_13' title='bbox 547 948 653 1022; x_wconf 90' lang='lat' dir='ltr'>Sicco</span> <span class='ocrx_word' id='word_1_14' title='bbox 662 949 767 1021; x_wconf 89' lang='lat' dir='ltr'>coelo</span> <span class='ocrx_word' id='word_1_15' title='bbox 779 947 940 1021; x_wconf 89' lang='lat' dir='ltr'>corollae</span> <span class='ocrx_word' id='word_1_16' title='bbox 955 968 979 1020; x_wconf 98' lang='lat' dir='ltr'>a</span> <span class='ocrx_word' id='word_1_17' title='bbox 994 945 1182 1039; x_wconf 84' lang='lat' dir='ltr'>calycibus</span> <span class='ocrx_word' id='word_1_18' title='bbox 1197 946 1374 1020; x_wconf 80' lang='lat' dir='ltr'>liberatae</span> <span class='ocrx_word' id='word_1_19' title='bbox 1389 942 1631 1038; x_wconf 84' lang='lat' dir='ltr'>colligendae,</span> 
     </span>
     <span class='ocr_line' id='line_1_5' title="bbox 437 1071 1632 1168; baseline -0.007 -18"><span class='ocrx_word' id='word_1_20' title='bbox 437 1075 486 1150; x_wconf 93' lang='lat' dir='ltr'>ad</span> <span class='ocrx_word' id='word_1_21' title='bbox 518 1075 753 1168; x_wconf 82' lang='lat' dir='ltr'>fragilitatem</span> <span class='ocrx_word' id='word_1_22' title='bbox 785 1095 908 1166; x_wconf 91' lang='lat' dir='ltr'>usque</span> <span class='ocrx_word' id='word_1_23' title='bbox 937 1074 1097 1147; x_wconf 89' lang='lat' dir='ltr'>siccatae</span> <span class='ocrx_word' id='word_1_24' title='bbox 1125 1072 1163 1145; x_wconf 91' lang='lat' dir='ltr'>in</span> <span class='ocrx_word' id='word_1_25' title='bbox 1191 1072 1294 1146; x_wconf 87' lang='lat' dir='ltr'>vasis</span> <span class='ocrx_word' id='word_1_26' title='bbox 1314 1076 1427 1145; x_wconf 88' lang='lat' dir='ltr'>antea</span> <span class='ocrx_word' id='word_1_27' title='bbox 1446 1071 1632 1145; x_wconf 79' lang='lat' dir='ltr'>calefactis</span> 
     </span>
     <span class='ocr_line' id='line_1_6' title="bbox 437 1201 1014 1277; baseline -0.007 -1"><span class='ocrx_word' id='word_1_28' title='bbox 437 1204 533 1277; x_wconf 88' lang='lat' dir='ltr'>bene</span> <span class='ocrx_word' id='word_1_29' title='bbox 553 1201 774 1276; x_wconf 80' lang='lat' dir='ltr'>obturandis</span> <span class='ocrx_word' id='word_1_30' title='bbox 795 1201 1014 1275; x_wconf 88' lang='lat' dir='ltr'>servandae.</span> 
     </span>
    </p>
   </div>
   <div class='ocr_carea' id='block_1_3' title="bbox 806 1523 1260 1659">
    <p class='ocr_par' dir='ltr' id='par_1_4' title="bbox 806 1523 1260 1659">
     <span class='ocr_line' id='line_1_7' title="bbox 806 1523 1260 1659; baseline 0.002 -2"><span class='ocrx_word' id='word_1_31' title='bbox 806 1524 956 1659; x_wconf 81' lang='lat' dir='ltr'>lolia</span> <span class='ocrx_word' id='word_1_32' title='bbox 982 1523 1260 1658; x_wconf 84' lang='lat' dir='ltr'>Althaeae.</span> 
     </span>
    </p>
   </div>
   <div class='ocr_carea' id='block_1_4' title="bbox 436 1742 1633 3872">
    <p class='ocr_par' dir='ltr' id='par_1_5' title="bbox 436 1742 1633 2093">
     <span class='ocr_line' id='line_1_8' title="bbox 546 1742 1632 1839; baseline -0.003 -20"><span class='ocrx_word' id='word_1_33' title='bbox 546 1744 698 1819; x_wconf 76' lang='lat' dir='ltr'>Althaea</span> <span class='ocrx_word' id='word_1_34' title='bbox 745 1744 937 1839; x_wconf 75' lang='lat' dir='ltr'>officinalis</span> <span class='ocrx_word' id='word_1_35' title='bbox 982 1745 1035 1835; x_wconf 86' lang='lat' dir='ltr'>L.‚</span> <span class='ocrx_word' id='word_1_36' title='bbox 1063 1746 1192 1839; x_wconf 87' lang='lat' dir='ltr'>planta</span> <span class='ocrx_word' id='word_1_37' title='bbox 1232 1744 1408 1837; x_wconf 86' lang='lat' dir='ltr'>perennis</span> <span class='ocrx_word' id='word_1_38' title='bbox 1445 1742 1632 1836; x_wconf 78' lang='lat' dir='ltr'>indigena,</span> 
     </span>
     <span class='ocr_line' id='line_1_9' title="bbox 436 1869 1633 1968; baseline -0.003 -21"><span class='ocrx_word' id='word_1_39' title='bbox 436 1876 477 1948; x_wconf 89' lang='lat' dir='ltr'>in</span> <span class='ocrx_word' id='word_1_40' title='bbox 509 1873 710 1968; x_wconf 83' lang='lat' dir='ltr'>provinciis</span> <span class='ocrx_word' id='word_1_41' title='bbox 730 1873 1015 1947; x_wconf 86' lang='lat' dir='ltr'>australioribus</span> <span class='ocrx_word' id='word_1_42' title='bbox 1049 1873 1098 1946; x_wconf 94' lang='lat' dir='ltr'>ad</span> <span class='ocrx_word' id='word_1_43' title='bbox 1126 1873 1218 1960; x_wconf 85' lang='lat' dir='ltr'>vias,</span> <span class='ocrx_word' id='word_1_44' title='bbox 1251 1872 1391 1959; x_wconf 84' lang='lat' dir='ltr'>fossas,</span> <span class='ocrx_word' id='word_1_45' title='bbox 1420 1871 1460 1944; x_wconf 87' lang='lat' dir='ltr'>in</span> <span class='ocrx_word' id='word_1_46' title='bbox 1479 1869 1633 1964; x_wconf 87' lang='lat' dir='ltr'>sepibus</span> 
     </span>
     <span class='ocr_line' id='line_1_10' title="bbox 438 1999 1222 2093; baseline -0.001 -20"><span class='ocrx_word' id='word_1_47' title='bbox 438 2000 725 2075; x_wconf 89' lang='lat' dir='ltr'>humidiusculis</span> <span class='ocrx_word' id='word_1_48' title='bbox 745 2000 932 2092; x_wconf 76' lang='lat' dir='ltr'>frequens</span> <span class='ocrx_word' id='word_1_49' title='bbox 951 1999 1096 2093; x_wconf 88' lang='lat' dir='ltr'>passim</span> <span class='ocrx_word' id='word_1_50' title='bbox 1114 1999 1222 2072; x_wconf 77' lang='lat' dir='ltr'>cirlta</span> 
     </span>
    </p>

    <p class='ocr_par' dir='ltr' id='par_1_6' title="bbox 437 2116 1633 3364">
     <span class='ocr_line' id='line_1_11' title="bbox 545 2116 1633 2221; baseline -0.004 -21"><span class='ocrx_word' id='word_1_51' title='bbox 545 2128 649 2201; x_wconf 81' lang='lat' dir='ltr'>Folia</span> <span class='ocrx_word' id='word_1_52' title='bbox 675 2127 851 2221; x_wconf 87' lang='lat' dir='ltr'>petiolata</span> <span class='ocrx_word' id='word_1_53' title='bbox 888 2126 1245 2200; x_wconf 85' lang='lat' dir='ltr'>subcordatoovata</span> <span class='ocrx_word' id='word_1_54' title='bbox 1289 2127 1349 2198; x_wconf 88' lang='lat' dir='ltr'>vel</span> <span class='ocrx_word' id='word_1_55' title='bbox 1385 2116 1633 2199; x_wconf 86' lang='lat' dir='ltr'>cordato-lan-</span> 
     </span>
     <span class='ocr_line' id='line_1_12' title="bbox 438 2251 1632 2344; baseline -0.003 -16"><span class='ocrx_word' id='word_1_56' title='bbox 438 2254 583 2328; x_wconf 88' lang='lat' dir='ltr'>ceolata</span> <span class='ocrx_word' id='word_1_57' title='bbox 600 2254 734 2327; x_wconf 84' lang='lat' dir='ltr'>triloba</span> <span class='ocrx_word' id='word_1_58' title='bbox 762 2254 858 2327; x_wconf 92' lang='lat' dir='ltr'>lobis</span> <span class='ocrx_word' id='word_1_59' title='bbox 879 2254 1010 2342; x_wconf 89' lang='lat' dir='ltr'>acutis,</span> <span class='ocrx_word' id='word_1_60' title='bbox 1030 2254 1197 2327; x_wconf 83' lang='lat' dir='ltr'>obsoleta</span> <span class='ocrx_word' id='word_1_61' title='bbox 1217 2253 1352 2327; x_wconf 88' lang='lat' dir='ltr'>triloba</span> <span class='ocrx_word' id='word_1_62' title='bbox 1364 2253 1422 2325; x_wconf 83' lang='lat' dir='ltr'>vel</span> <span class='ocrx_word' id='word_1_63' title='bbox 1437 2251 1632 2344; x_wconf 88' lang='lat' dir='ltr'>sub-quin·</span> 
     </span>
     <span class='ocr_line' id='line_1_13' title="bbox 439 2377 1633 2479; baseline -0.003 -25"><span class='ocrx_word' id='word_1_64' title='bbox 439 2381 612 2473; x_wconf 87' lang='lat' dir='ltr'>queloba,</span> <span class='ocrx_word' id='word_1_65' title='bbox 637 2381 835 2479; x_wconf 87' lang='lat' dir='ltr'>palmatim</span> <span class='ocrx_word' id='word_1_66' title='bbox 863 2380 1045 2473; x_wconf 87' lang='lat' dir='ltr'>quinque-</span> <span class='ocrx_word' id='word_1_67' title='bbox 1083 2384 1148 2453; x_wconf 88' lang='lat' dir='ltr'>aut</span> <span class='ocrx_word' id='word_1_68' title='bbox 1178 2379 1364 2468; x_wconf 83' lang='lat' dir='ltr'>trinervia,</span> <span class='ocrx_word' id='word_1_69' title='bbox 1391 2377 1633 2472; x_wconf 80' lang='lat' dir='ltr'>inaequaliter</span> 
     </span>
     <span class='ocr_line' id='line_1_14' title="bbox 438 2506 1632 2599; baseline -0.003 -19"><span class='ocrx_word' id='word_1_70' title='bbox 438 2510 768 2599; x_wconf 79' lang='lat' dir='ltr'>crenato-dentata</span> <span class='ocrx_word' id='word_1_71' title='bbox 797 2508 1059 2599; x_wconf 88' lang='lat' dir='ltr'>crassiuscula,</span> <span class='ocrx_word' id='word_1_72' title='bbox 1087 2506 1511 2581; x_wconf 89' lang='lat' dir='ltr'>holosericeo-molliae</span> <span class='ocrx_word' id='word_1_73' title='bbox 1545 2506 1632 2579; x_wconf 92' lang='lat' dir='ltr'>sub-</span> 
     </span>
     <span class='ocr_line' id='line_1_15' title="bbox 437 2634 1631 2728; baseline -0.003 -19"><span class='ocrx_word' id='word_1_74' title='bbox 437 2635 559 2727; x_wconf 82' lang='lat' dir='ltr'>grisea</span> <span class='ocrx_word' id='word_1_75' title='bbox 574 2636 633 2710; x_wconf 85' lang='lat' dir='ltr'>vel</span> <span class='ocrx_word' id='word_1_76' title='bbox 648 2656 669 2710; x_wconf 88' lang='lat' dir='ltr'>e</span> <span class='ocrx_word' id='word_1_77' title='bbox 684 2636 907 2709; x_wconf 84' lang='lat' dir='ltr'>flavescente</span> <span class='ocrx_word' id='word_1_78' title='bbox 922 2634 1054 2708; x_wconf 87' lang='lat' dir='ltr'>viridia</span> <span class='ocrx_word' id='word_1_79' title='bbox 1067 2634 1107 2710; x_wconf 89' lang='lat' dir='ltr'>in</span> <span class='ocrx_word' id='word_1_80' title='bbox 1125 2639 1284 2728; x_wconf 89' lang='lat' dir='ltr'>utraque</span> <span class='ocrx_word' id='word_1_81' title='bbox 1308 2634 1446 2728; x_wconf 82' lang='lat' dir='ltr'>pagina</span> <span class='ocrx_word' id='word_1_82' title='bbox 1464 2637 1631 2708; x_wconf 88' lang='lat' dir='ltr'>tomento</span> 
     </span>
     <span class='ocr_line' id='line_1_16' title="bbox 438 2760 1632 2857; baseline -0.003 -20"><span class='ocrx_word' id='word_1_83' title='bbox 438 2763 559 2837; x_wconf 92' lang='lat' dir='ltr'>denso</span> <span class='ocrx_word' id='word_1_84' title='bbox 579 2785 599 2838; x_wconf 93' lang='lat' dir='ltr'>e</span> <span class='ocrx_word' id='word_1_85' title='bbox 618 2763 701 2857; x_wconf 84' lang='lat' dir='ltr'>pilis</span> <span class='ocrx_word' id='word_1_86' title='bbox 721 2763 869 2856; x_wconf 85' lang='lat' dir='ltr'>magnis</span> <span class='ocrx_word' id='word_1_87' title='bbox 889 2763 1045 2837; x_wconf 87' lang='lat' dir='ltr'>stellatis</span> <span class='ocrx_word' id='word_1_88' title='bbox 1074 2767 1172 2835; x_wconf 85' lang='lat' dir='ltr'>tecta</span> <span class='ocrx_word' id='word_1_89' title='bbox 1197 2761 1416 2836; x_wconf 83' lang='lat' dir='ltr'>intermixtis</span> <span class='ocrx_word' id='word_1_90' title='bbox 1446 2760 1632 2854; x_wconf 82' lang='lat' dir='ltr'>glandulis</span> 
     </span>
     <span class='ocr_line' id='line_1_17' title="bbox 437 2888 1633 2971; baseline -0.001 -9"><span class='ocrx_word' id='word_1_91' title='bbox 437 2889 599 2963; x_wconf 83' lang='lat' dir='ltr'>breviter</span> <span class='ocrx_word' id='word_1_92' title='bbox 627 2891 779 2964; x_wconf 88' lang='lat' dir='ltr'>clavatis</span> <span class='ocrx_word' id='word_1_93' title='bbox 813 2891 872 2963; x_wconf 84' lang='lat' dir='ltr'>vel</span> <span class='ocrx_word' id='word_1_94' title='bbox 899 2889 1098 2963; x_wconf 84' lang='lat' dir='ltr'>turbinatis</span> <span class='ocrx_word' id='word_1_95' title='bbox 1122 2890 1255 2962; x_wconf 90' lang='lat' dir='ltr'>cellula</span> <span class='ocrx_word' id='word_1_96' title='bbox 1272 2888 1424 2962; x_wconf 89' lang='lat' dir='ltr'>basilari</span> <span class='ocrx_word' id='word_1_97' title='bbox 1442 2889 1633 2971; x_wconf 84' lang='lat' dir='ltr'>discoldea</span> 
     </span>
     <span class='ocr_line' id='line_1_18' title="bbox 437 3015 1632 3110; baseline -0.003 -19"><span class='ocrx_word' id='word_1_98' title='bbox 437 3021 474 3091; x_wconf 92' lang='lat' dir='ltr'>et</span> <span class='ocrx_word' id='word_1_99' title='bbox 493 3016 653 3110; x_wconf 87' lang='lat' dir='ltr'>capitulo</span> <span class='ocrx_word' id='word_1_100' title='bbox 674 3039 694 3091; x_wconf 89' lang='lat' dir='ltr'>e</span> <span class='ocrx_word' id='word_1_101' title='bbox 714 3017 854 3091; x_wconf 92' lang='lat' dir='ltr'>cellulis</span> <span class='ocrx_word' id='word_1_102' title='bbox 883 3016 1148 3110; x_wconf 86' lang='lat' dir='ltr'>compluribus,</span> <span class='ocrx_word' id='word_1_103' title='bbox 1170 3016 1268 3089; x_wconf 94' lang='lat' dir='ltr'>binis</span> <span class='ocrx_word' id='word_1_104' title='bbox 1295 3016 1335 3089; x_wconf 92' lang='lat' dir='ltr'>in</span> <span class='ocrx_word' id='word_1_105' title='bbox 1356 3016 1461 3089; x_wconf 75' lang='grc'>0-3</span> <span class='ocrx_word' id='word_1_106' title='bbox 1481 3015 1632 3090; x_wconf 89' lang='lat' dir='ltr'>ordines</span> 
     </span>
     <span class='ocr_line' id='line_1_19' title="bbox 438 3143 1632 3238; baseline -0.001 -21"><span class='ocrx_word' id='word_1_107' title='bbox 438 3144 697 3238; x_wconf 76' lang='lat' dir='ltr'>suprapositis²</span> <span class='ocrx_word' id='word_1_108' title='bbox 725 3144 874 3238; x_wconf 89' lang='lat' dir='ltr'>repletis</span> <span class='ocrx_word' id='word_1_109' title='bbox 912 3144 1124 3217; x_wconf 89' lang='lat' dir='ltr'>substantia</span> <span class='ocrx_word' id='word_1_110' title='bbox 1161 3144 1346 3217; x_wconf 91' lang='lat' dir='ltr'>solutione</span> <span class='ocrx_word' id='word_1_111' title='bbox 1379 3143 1465 3216; x_wconf 88' lang='lat' dir='ltr'>kalii</span> <span class='ocrx_word' id='word_1_112' title='bbox 1497 3143 1632 3237; x_wconf 86' lang='lat' dir='ltr'>hydro·</span> 
     </span>
     <span class='ocr_line' id='line_1_20' title="bbox 439 3269 1062 3364; baseline 0.002 -21"><span class='ocrx_word' id='word_1_113' title='bbox 439 3271 590 3364; x_wconf 85' lang='lat' dir='ltr'>oxydati</span> <span class='ocrx_word' id='word_1_114' title='bbox 608 3272 732 3344; x_wconf 90' lang='lat' dir='ltr'>colore</span> <span class='ocrx_word' id='word_1_115' title='bbox 753 3269 882 3343; x_wconf 82' lang='lat' dir='ltr'>citrino</span> <span class='ocrx_word' id='word_1_116' title='bbox 902 3270 1062 3344; x_wconf 89' lang='lat' dir='ltr'>solubili.</span> 
     </span>
    </p>

    <p class='ocr_par' dir='ltr' id='par_1_7' title="bbox 438 3396 1632 3618">
     <span class='ocr_line' id='line_1_21' title="bbox 547 3396 1632 3489; baseline -0.001 -19"><span class='ocrx_word' id='word_1_117' title='bbox 547 3396 775 3489; x_wconf 77' lang='lat' dir='ltr'>colligantur</span> <span class='ocrx_word' id='word_1_118' title='bbox 820 3396 924 3469; x_wconf 86' lang='lat' dir='ltr'>Folia</span> <span class='ocrx_word' id='word_1_119' title='bbox 965 3397 1134 3489; x_wconf 78' lang='lat' dir='ltr'>inodora,</span> <span class='ocrx_word' id='word_1_120' title='bbox 1186 3396 1332 3489; x_wconf 88' lang='lat' dir='ltr'>saporis</span> <span class='ocrx_word' id='word_1_121' title='bbox 1374 3396 1632 3489; x_wconf 79' lang='lat' dir='ltr'>mucilaginosi</span> 
     </span>
     <span class='ocr_line' id='line_1_22' title="bbox 438 3523 1399 3618; baseline -0.002 -21"><span class='ocrx_word' id='word_1_122' title='bbox 438 3529 581 3598; x_wconf 87' lang='lat' dir='ltr'>aestate</span> <span class='ocrx_word' id='word_1_123' title='bbox 600 3525 756 3597; x_wconf 89' lang='lat' dir='ltr'>florente</span> <span class='ocrx_word' id='word_1_124' title='bbox 775 3525 905 3618; x_wconf 87' lang='lat' dir='ltr'>planta</span> <span class='ocrx_word' id='word_1_125' title='bbox 924 3528 961 3597; x_wconf 92' lang='lat' dir='ltr'>et</span> <span class='ocrx_word' id='word_1_126' title='bbox 979 3524 1118 3597; x_wconf 90' lang='lat' dir='ltr'>siccata</span> <span class='ocrx_word' id='word_1_127' title='bbox 1137 3523 1399 3597; x_wconf 84' lang='lat' dir='ltr'>adhibeantur.</span> 
     </span>
    </p>

    <p class='ocr_par' dir='ltr' id='par_1_8' title="bbox 438 3650 1633 3872">
     <span class='ocr_line' id='line_1_23' title="bbox 546 3650 1633 3744; baseline -0.001 -19"><span class='ocrx_word' id='word_1_128' title='bbox 546 3651 675 3725; x_wconf 90' lang='lat' dir='ltr'>Partes</span> <span class='ocrx_word' id='word_1_129' title='bbox 705 3673 837 3726; x_wconf 88' lang='lat' dir='ltr'>eorum</span> <span class='ocrx_word' id='word_1_130' title='bbox 860 3652 936 3724; x_wconf 89' lang='lat'>100</span> <span class='ocrx_word' id='word_1_131' title='bbox 965 3672 1012 3725; x_wconf 87' lang='lat' dir='ltr'>ne</span> <span class='ocrx_word' id='word_1_132' title='bbox 1040 3653 1126 3744; x_wconf 90' lang='lat' dir='ltr'>plus</span> <span class='ocrx_word' id='word_1_133' title='bbox 1147 3671 1260 3743; x_wconf 88' lang='lat' dir='ltr'>quarn</span> <span class='ocrx_word' id='word_1_134' title='bbox 1280 3655 1406 3744; x_wconf 87' lang='lat' dir='ltr'>partes</span> <span class='ocrx_word' id='word_1_135' title='bbox 1430 3651 1478 3723; x_wconf 85' lang='lat'>15</span> <span class='ocrx_word' id='word_1_136' title='bbox 1499 3650 1633 3725; x_wconf 85' lang='lat' dir='ltr'>cineris</span> 
     </span>
     <span class='ocr_line' id='line_1_24' title="bbox 438 3779 665 3872; baseline 0.004 -21"><span class='ocrx_word' id='word_1_137' title='bbox 438 3779 665 3872; x_wconf 90' lang='lat' dir='ltr'>relinquant.</span> 
     </span>
    </p>
   </div>
   <div class='ocr_carea' id='block_1_5' title="bbox 819 4047 1261 4183">
    <p class='ocr_par' dir='ltr' id='par_1_9' title="bbox 819 4047 1261 4183">
     <span class='ocr_line' id='line_1_25' title="bbox 819 4047 1261 4183; baseline -0.002 -2"><span class='ocrx_word' id='word_1_138' title='bbox 819 4049 968 4183; x_wconf 80' lang='lat' dir='ltr'>lolia</span> <span class='ocrx_word' id='word_1_139' title='bbox 994 4047 1261 4182; x_wconf 85' lang='lat' dir='ltr'>Aurantii.</span> 
     </span>
    </p>
   </div>
   <div class='ocr_carea' id='block_1_6' title="bbox 439 4268 1635 4745">
    <p class='ocr_par' dir='ltr' id='par_1_10' title="bbox 439 4268 1634 4490">
     <span class='ocr_line' id='line_1_26' title="bbox 553 4268 1634 4362; baseline 0.002 -20"><span class='ocrx_word' id='word_1_140' title='bbox 553 4268 669 4342; x_wconf 60' lang='lat' dir='ltr'>citrea</span> <span class='ocrx_word' id='word_1_141' title='bbox 702 4270 918 4343; x_wconf 72' lang='lat' dir='ltr'>durantium</span> <span class='ocrx_word' id='word_1_142' title='bbox 955 4270 995 4343; x_wconf 92' lang='lat' dir='ltr'>L.</span> <span class='ocrx_word' id='word_1_143' title='bbox 1033 4269 1253 4362; x_wconf 85' lang='lat' dir='ltr'>subspecies</span> <span class='ocrx_word' id='word_1_144' title='bbox 1282 4291 1418 4357; x_wconf 81' lang='lat' dir='ltr'>amoro,</span> <span class='ocrx_word' id='word_1_145' title='bbox 1456 4270 1568 4344; x_wconf 91' lang='lat' dir='ltr'>arbor</span> <span class='ocrx_word' id='word_1_146' title='bbox 1594 4270 1634 4343; x_wconf 91' lang='lat' dir='ltr'>in</span> 
     </span>
     <span class='ocr_line' id='line_1_27' title="bbox 439 4396 1182 4490; baseline -0.004 -19"><span class='ocrx_word' id='word_1_147' title='bbox 439 4396 652 4490; x_wconf 76' lang='lat' dir='ltr'>regionibus</span> <span class='ocrx_word' id='word_1_148' title='bbox 671 4398 799 4471; x_wconf 90' lang='lat' dir='ltr'>calidis</span> <span class='ocrx_word' id='word_1_149' title='bbox 818 4398 932 4471; x_wconf 89' lang='lat' dir='ltr'>totius</span> <span class='ocrx_word' id='word_1_150' title='bbox 953 4396 1055 4469; x_wconf 91' lang='lat' dir='ltr'>orbis</span> <span class='ocrx_word' id='word_1_151' title='bbox 1074 4397 1182 4469; x_wconf 89' lang='lat' dir='ltr'>culta</span> 
     </span>
    </p>

    <p class='ocr_par' dir='ltr' id='par_1_11' title="bbox 440 4523 1635 4745">
     <span class='ocr_line' id='line_1_28' title="bbox 547 4523 1634 4618; baseline 0 -21"><span class='ocrx_word' id='word_1_152' title='bbox 547 4524 661 4612; x_wconf 77' lang='lat' dir='ltr'>Folia</span> <span class='ocrx_word' id='word_1_153' title='bbox 681 4545 768 4597; x_wconf 88' lang='lat' dir='ltr'>cum</span> <span class='ocrx_word' id='word_1_154' title='bbox 786 4525 924 4618; x_wconf 91' lang='lat' dir='ltr'>petiolo</span> <span class='ocrx_word' id='word_1_155' title='bbox 944 4525 1017 4596; x_wconf 89' lang='lat' dir='ltr'>late</span> <span class='ocrx_word' id='word_1_156' title='bbox 1046 4523 1145 4596; x_wconf 87' lang='lat' dir='ltr'>alato</span> <span class='ocrx_word' id='word_1_157' title='bbox 1165 4523 1328 4595; x_wconf 87' lang='lat' dir='ltr'>obovato</span> <span class='ocrx_word' id='word_1_158' title='bbox 1351 4524 1411 4596; x_wconf 83' lang='lat' dir='ltr'>rel</span> <span class='ocrx_word' id='word_1_159' title='bbox 1431 4523 1634 4597; x_wconf 90' lang='lat' dir='ltr'>obcordato</span> 
     </span>
     <span class='ocr_line' id='line_1_29' title="bbox 440 4649 1635 4745; baseline 0 -21"><span class='ocrx_word' id='word_1_160' title='bbox 440 4652 643 4740; x_wconf 86' lang='lat' dir='ltr'>articulata,</span> <span class='ocrx_word' id='word_1_161' title='bbox 665 4651 967 4742; x_wconf 76' lang='lat' dir='ltr'>ovato-oblonga,</span> <span class='ocrx_word' id='word_1_162' title='bbox 983 4656 1104 4738; x_wconf 87' lang='lat' dir='ltr'>acuta,</span> <span class='ocrx_word' id='word_1_163' title='bbox 1120 4649 1359 4742; x_wconf 83' lang='lat' dir='ltr'>integerrima</span> <span class='ocrx_word' id='word_1_164' title='bbox 1372 4657 1437 4723; x_wconf 91' lang='lat' dir='ltr'>aut</span> <span class='ocrx_word' id='word_1_165' title='bbox 1451 4651 1635 4745; x_wconf 85' lang='lat' dir='ltr'>repando·</span> 
     </span>
    </p>
   </div>
   <div class='ocr_carea' id='block_1_7' title="bbox 0 0 1871 5400">
    <p class='ocr_par' dir='ltr' id='par_1_12' title="bbox 0 0 1871 5400">
     <span class='ocr_line' id='line_1_30' title="bbox 0 0 1871 5400; baseline 0 0"><span class='ocrx_word' id='word_1_166' title='bbox 0 0 1871 5400; x_wconf 95' lang='lat' dir='ltr'> </span> 
     </span>
    </p>
   </div>
  </div>
 </body>
</html>
