3725 5400
918 472 1134 543 ...10-

581 831 927 945 Avidum
964 829 1477 946 corbolicum

737 995 1313 1136 liquefactum.

426 1236 504 1331 Rp:
531 1239 627 1310 lolii
646 1239 806 1311 catholici
1361 1243 1486 1333 portes
1545 1239 1621 1312 100

535 1368 649 1457 Aquae
1360 1370 1487 1462 portes
1559 1365 1619 1440 10.

479 1527 480 1531 ¹
501 1492 761 1567 Calefaciendo
780 1491 907 1567 misce.

534 1619 675 1713 Liquor
731 1619 885 1693 oleosus
942 1617 1129 1713 limpidus
1188 1620 1337 1694 acidum
1393 1619 1619 1695 carboliourn

425 1747 612 1837 redolens,
633 1747 697 1840 qui
715 1748 764 1821 ad
782 1748 974 1840 reagentia
992 1769 1034 1821 se
1053 1748 1192 1822 habeat
1215 1754 1257 1822 ut
1290 1747 1440 1822 acidum
1463 1748 1619 1821 carboli·
1710 1826 1716 1839 ⁸

426 1896 529 1964 cum;
548 1874 698 1969 pondus
717 1874 935 1968 specificum
958 1874 1261 1950 1·coa-1·069.

535 2001 760 2076 Centimetra
779 2002 911 2075 cubica
932 2004 982 2076 10
1001 2002 1110 2078 Aridi
1138 2001 1311 2077 catholici
1339 2000 1529 2096 liquefacti
1546 2002 1617 2076 sub

430 2128 502 2201 15⁰
525 2128 662 2202 additis
697 2128 924 2202 centimetris
958 2128 1096 2202 cubicis
1117 2129 1179 2203 13
1201 2150 1322 2223 aquae
1341 2150 1390 2203 nc
1409 2128 1615 2219 turbentur,

426 2255 494 2331 sed
541 2260 623 2329 tum
669 2255 806 2330 additis
845 2257 977 2330 8-10
1016 2257 1128 2349 guttis
1165 2277 1297 2350 aquae.
1341 2256 1443 2330 Haec
1489 2256 1616 2329 mixtio

425 2383 577 2456 turbida
605 2382 742 2457 additis
768 2404 817 2457 ne
846 2384 974 2457 minus
1002 2405 1118 2478 quam
1145 2383 1220 2457 135
1248 2404 1373 2476 neque
1396 2384 1618 2477 plusquam

429 2510 504 2584 140
552 2509 775 2583 centimetn's
820 2510 958 2583 cubicis
994 2531 1116 2604 aquae
1158 2510 1384 2585 solutionem
1425 2510 1618 2604 limpidam

426 2636 610 2711 exhibeat.

759 2959 986 3098 Acidim
1017 2960 1273 3096 cliricum.

534 3235 706 3328 Crystalli
719 3237 957 3331 prismaticae
974 3238 1178 3328 decolores,
1192 3237 1232 3311 in
1252 3244 1340 3312 aare
1354 3238 1618 3327 immutabiles

423 3363 499 3436 leni
517 3368 772 3457 temperatura
789 3365 978 3453 fatiscunt,
995 3363 1123 3439 altiore
1138 3364 1353 3459 liquescunt
1368 3371 1404 3439 et
1418 3368 1617 3459 decompo-

424 3495 576 3565 nuntur.
608 3490 813 3565 Solvuntur
844 3492 1018 3565 facillime
1051 3493 1091 3565 in
1123 3513 1224 3586 aqua
1257 3498 1294 3566 et
1320 3493 1360 3566 in
1380 3493 1514 3587 spiritu
1531 3491 1619 3581 vini,

425 3617 610 3692 difficilius
628 3618 668 3691 in
686 3618 846 3693 aethere.

531 3744 659 3818 Mixtio
699 3746 965 3819 acentimetro
994 3746 1125 3818 cubico
1157 3747 1175 3819 1
1217 3746 1414 3820 solutionis
1449 3765 1618 3839 aquosae

426 3873 462 3964 (1
497 3903 545 3938 =
580 3874 644 3963 10)
702 3879 739 3946 et
790 3873 1016 3947 centimetris
1067 3873 1207 3947 cubicis
1258 3876 1311 3947 40
1326 3916 1371 3926 —
1387 3874 1438 3947 50
1495 3894 1617 3967 aquae

425 3998 537 4072 calcis
572 3995 726 4093 limpida
761 4005 967 4093 permanet
1017 4000 1120 4073 Haec
1163 4001 1291 4074 mixtio
1328 4022 1395 4093 per
1432 4001 1617 4074 minutum

425 4130 532 4199 cocta
569 4126 743 4199 turbatur
779 4131 816 4200 et
861 4128 1111 4201 sedimentum
1150 4130 1278 4202 album
1312 4127 1476 4220 deponit,
1515 4127 1616 4221 quod

423 4253 463 4326 in
493 4255 585 4326 vase
618 4252 714 4326 bene
741 4257 839 4327 tecto
873 4254 1153 4347 refrigeratione
1182 4254 1277 4327 inter
1305 4255 1420 4327 horas
1451 4255 1474 4327 3
1503 4255 1616 4347 plane

425 4381 591 4454 solvitur.
1364 4445 1366 4454 ,

532 4506 660 4580 Mixtio
699 4529 719 4580 e
762 4513 970 4600 grammate
1007 4509 1113 4581 Acidi
1159 4508 1272 4581 sitrici
1315 4512 1353 4582 et
1391 4508 1616 4582 centimetris

426 4634 565 4709 cubicis
589 4635 638 4708 10
658 4633 754 4708 acidi
771 4635 938 4709 euboici
963 4637 1189 4710 concentrati
1217 4636 1256 4707 in
1283 4635 1374 4708 tubo
1402 4636 1617 4729 probatorio
