3725 5400
326 1674 625 1842 Regulao
657 1677 725 1809 ot
755 1680 954 1811 notae
986 1680 1352 1844 generales

345 2005 366 2095 g
391 2004 422 2076 1.
454 2002 700 2077 Medicamina
732 2004 771 2076 in
789 2003 1136 2097 Pharmaeopoeam
1164 2013 1315 2099 recepta
1347 2006 1429 2081 sine

234 2132 313 2203 ulla
345 2132 561 2226 exceptione
600 2131 638 2204 in
672 2132 848 2205 omnibus
881 2132 1198 2226 pharmacopoliis
1230 2156 1275 2207 ea
1303 2134 1430 2208 indole

234 2264 386 2352 praesto
421 2280 507 2332 esse
527 2264 563 2333 et
583 2259 795 2352 dispensari
824 2259 972 2347 debent,
1003 2281 1079 2352 qua
1097 2261 1239 2334 normis
1259 2263 1297 2335 in
1315 2261 1429 2335 Phar·

236 2406 443 2479 macopoea
462 2385 642 2480 expositis
661 2385 810 2479 penitus
828 2387 1070 2480 respondent

344 2533 365 2623 3
383 2532 416 2604 b.
430 2531 667 2625 Praeparata,
685 2553 846 2623 quorum
860 2532 1019 2605 formula
1033 2532 1189 2627 parandi
1204 2534 1243 2606 in
1253 2533 1428 2607 Pharma-

238 2680 380 2753 copoea
400 2660 568 2754 exposita
587 2666 656 2748 est,
681 2659 835 2733 nonnisi
863 2660 1072 2733 secundum
1101 2660 1199 2735 hanc
1227 2662 1429 2736 formulam

235 2808 369 2880 parare
390 2791 427 2860 et
446 2787 667 2880 dispensare
691 2787 789 2859 licet.

344 2932 571 3026 Praeparata
590 2932 759 3026 exposita
778 2933 929 3025 quidem
944 2931 984 3005 in
999 2933 1224 3008 editionibus
1244 2936 1430 3029 primibus

235 3060 578 3153 Pharmacopoeae,
600 3060 668 3134 sed
688 3060 812 3133 adhuc
832 3060 871 3132 in
899 3060 1059 3133 officinis
1080 3061 1200 3150 obvia,
1220 3062 1430 3136 secundnm

235 3187 436 3261 formulam
469 3191 658 3280 receptam
677 3186 715 3258 in
735 3186 905 3260 ultimam
925 3186 1138 3276 editionem,
1170 3209 1266 3279 quae
1287 3193 1431 3262 certum

235 3313 373 3388 horum
404 3319 712 3408 praeparatorum
744 3317 888 3401 tractat,
917 3314 1189 3406 praeparanda,
1221 3315 1431 3389 secundum

235 3441 334 3515 hanc
359 3441 545 3534 signanda
571 3462 694 3533 neque
723 3439 796 3512 nisi
828 3440 1040 3513 secundum
1072 3443 1221 3533 regulas
1253 3441 1431 3515 Pharma-

236 3590 400 3663 copoeae
420 3568 683 3662 respondentis
704 3567 961 3660 dispensanda
980 3573 1077 3641 sunt

345 3716 366 3806 g
388 3717 421 3786 3.
445 3714 724 3802 Medicamenta,
745 3734 841 3806 quae
861 3735 931 3786 nec
952 3718 1103 3806 recepta
1122 3720 1212 3788 sunt
1230 3716 1270 3786 in
1288 3719 1431 3788 textum

236 3842 408 3915 editionis
427 3842 637 3935 praesentis
657 3840 776 3933 (VIII.)
789 3839 1132 3934 Pharmacopoeae,
1149 3862 1220 3914 nec
1234 3841 1274 3913 in
1287 3846 1431 3914 textum

235 3969 368 4062 prioris
403 3968 585 4060 editionis,
618 3973 784 4042 attamen
820 3967 966 4062 passim
1000 3968 1203 4041 amedicis
1227 3968 1431 4060 praescribi

237 4100 274 4168 et
296 4094 384 4167 hinc
408 4095 447 4167 in
475 4095 794 4189 pharmacopolijs
822 4100 975 4187 praesto
1006 4116 1090 4168 esse
1115 4095 1248 4183 solent,
1277 4116 1347 4168 nec
1375 4094 1431 4167 in-

237 4222 391 4315 quinata
409 4243 479 4296 nec
500 4228 685 4316 corrupta,
707 4223 775 4296 sed
796 4222 959 4315 optimae
978 4221 1116 4295 indolis
1136 4222 1213 4295 sint
1232 4227 1388 4315 oportet.

343 4368 398 4440 Ea
411 4368 561 4461 aequali
580 4367 827 4442 sollicitudine
844 4371 880 4440 et
896 4367 1230 4460 circumspectione
1244 4367 1430 4441 servanda

237 4500 274 4568 et
293 4494 550 4588 dispensanda
569 4500 668 4583 sunt,
692 4500 734 4569 nt
752 4494 1003 4567 medicamina
1027 4494 1066 4566 in
1085 4494 1431 4587 Pharmacopoeam

236 4626 397 4715 recepta,
418 4643 581 4719 quorum
599 4622 807 4695 efficaciam
827 4627 1002 4714 aequant.
