3725 5400
737 479 947 553 ,pg-

354 700 490 773 Fmsta
508 697 772 792 magnitudine
787 697 860 791 pisi
877 696 965 771 lmlii
977 695 1254 790 hydroorydati
1272 703 1440 772 recenter

247 827 321 900 tusi
341 826 380 901 in
398 827 537 920 lagena
555 825 733 899 continuo
753 824 914 898 Aethere
943 845 1013 917 pro
1045 824 1195 897 narcosi
1224 824 1437 916 superhrsa,

246 954 408 1028 mixtura
425 954 464 1027 in
484 955 621 1047 lagena
640 953 779 1046 optime
799 952 970 1026 clausae
991 952 1075 1026 luce
1100 958 1247 1026 remota
1273 952 1440 1046 seposita

246 1083 344 1155 inter
360 1080 477 1154 horas
498 1080 523 1153 6
543 1082 707 1154 colorem
726 1080 937 1153 subflavum
956 1098 1005 1152 ne
1023 1078 1193 1153 induant.

355 1207 582 1283 Centtmetra
614 1206 746 1281 cubica
783 1208 832 1280 10
863 1206 1038 1280 Aetheris
1070 1226 1138 1300 pro
1176 1205 1326 1280 narcosi
1353 1228 1440 1281 cum

246 1335 463 1410 centimetro
492 1334 626 1408 cubico
658 1335 675 1406 1
709 1334 906 1408 solutionis
938 1333 1024 1407 kalii
1056 1333 1172 1408 iodati
1199 1334 1237 1406 in
1264 1335 1441 1426 lagenula

245 1463 356 1556 plane
386 1462 573 1554 completa
596 1461 792 1555 epistomio
818 1461 936 1534 vitreo
960 1461 1090 1534 clausa
1113 1482 1136 1533 a
1172 1461 1255 1535 luce
1296 1467 1442 1536 remota

247 1611 362 1683 saepe
385 1594 642 1683 conquassata
686 1589 786 1663 inter
829 1588 945 1662 horas
977 1591 1000 1663 3
1035 1589 1200 1663 colorem
1228 1590 1441 1664 subflavum

245 1738 293 1790 ne
313 1716 504 1811 accipiant

355 1844 533 1919 Servetur
591 1844 630 1917 in
681 1843 823 1936 lagenis
878 1843 1078 1917 voluminis
1134 1843 1441 1918 centimetrorum

247 1971 465 2045 cubicorum
488 1971 563 2045 150
588 1972 699 2065 plane
720 1972 913 2066 completis
933 1976 970 2045 et
989 1972 1128 2065 optimc
1147 1972 1297 2061 clausio,
1317 1992 1341 2044 a
1358 1973 1441 2045 luce

246 2098 402 2173 remotis
421 2100 461 2173 in
479 2100 563 2173 loco
582 2099 727 2192 frigide.

356 2227 575 2303 Renovetur
592 2227 690 2300 intra
709 2248 862 2303 annum.

601 2549 805 2685 Aether
843 2549 1097 2686 arctius,

357 2808 499 2902 Liquor
539 2808 716 2903 limpidus
764 2809 925 2898 decolor,
975 2808 1103 2882 odoris
1140 2808 1340 2902 peculiaris
1387 2830 1442 2882 re·

250 2937 421 3026 creanda
442 2936 553 3029 plane
570 2936 741 3025 volatilia
761 2937 941 3030 ponderis
961 2936 1123 3030 specifici
1143 2936 1442 3025 uado-0904,

251 3065 374 3138 calore
406 3065 616 3138 740-76ο
650 3064 841 3155 ebulliens,
876 3085 963 3138 cum
987 3063 1120 3157 spiritu
1145 3064 1222 3137 vini
1250 3084 1369 3156 aeque
1400 3083 1444 3136 ac

251 3191 405 3266 aethere
423 3191 463 3265 in
482 3192 617 3285 quavis
634 3190 877 3284 proportione
896 3191 1122 3265 miscendus

359 3319 500 3394 Charta
537 3319 788 3420 exploratoria
820 3319 993 3392 caerulea
1026 3318 1186 3391 Aethere
1222 3317 1362 3391 acetico
1396 3339 1444 3390 ne

250 3446 375 3519 statim
395 3445 565 3519 rubeliat.

360 3571 499 3645 Charta
530 3572 661 3646 bibula
683 3572 845 3646 Aethere
880 3573 1020 3646 acetico
1052 3572 1198 3646 imbuta
1230 3571 1301 3646 sub
1330 3572 1444 3646 finem

252 3698 528 3793 evaporationis
549 3699 694 3791 species
714 3699 876 3773 aetheris
896 3700 1104 3773 alienosne
1123 3699 1300 3773 redoleat.

359 3824 546 3899 Volumen
566 3847 686 3918 aquae
707 3847 794 3900 cum
809 3828 957 3920 aequali
970 3827 1160 3900 volumine
1174 3827 1345 3924 Aetheris
1360 3847 1443 3900 ace·

251 3952 312 4025 tici
331 3952 488 4025 mixtum
510 3954 802 4045 conquassando
821 3975 870 4027 ne
893 3954 980 4046 plus
1013 3974 1129 4046 quam
1162 3954 1307 4027 decima
1339 3958 1446 4046 parte

252 4084 443 4172 augeatur.

360 4205 549 4281 Volumen
570 4206 667 4281 acidi
686 4206 852 4281 sulfurici
881 4208 1029 4300 aequali
1055 4208 1244 4281 volumine
1272 4206 1446 4281 Aetheris

255 4334 385 4409 acetici
405 4335 687 4427 superinfusum
706 4355 842 4408 zonam
863 4336 1067 4409 coloratam
1085 4356 1134 4408 ne
1148 4334 1341 4428 producat

363 4462 540 4537 Servetur
558 4463 596 4536 in
615 4461 715 4535 vasis
736 4463 874 4555 optime
895 4464 1032 4537 clausis
1050 4463 1089 4535 iu
1107 4463 1192 4536 loco
1211 4461 1352 4555 frigide.
