3725 5400
932 512 1169 587 -142-

560 729 859 822 Decigrammata
874 731 1011 805 5Ferri
1030 730 1152 806 lactici
1170 737 1208 808 et
1225 730 1482 811 kaiiifchIorati
1496 732 1535 807 in
1549 734 1651 810 fictili

452 858 690 951 porcelianea
711 878 798 932 cum
818 858 1045 933 centimetris
1064 859 1206 934 cubicis
1222 861 1245 934 3
1265 858 1362 933 acidi
1375 860 1651 952 hydrochiorici

451 984 568 1058 mixta
598 989 751 1079 peracta
775 984 965 1059 reactione
993 985 1033 1059 in
1060 986 1198 1060 balneo
1226 1006 1349 1081 aquae
1378 992 1648 1080 evaporantur;

452 1112 647 1186 residuum
678 1111 718 1186 in
751 1110 978 1186 centimetris
1012 1111 1154 1187 cubicis
1183 1113 1207 1187 0
1241 1135 1364 1206 aquae
1410 1115 1576 1188 solutum
1613 1120 1651 1191 et

450 1239 630 1312 filtratum
649 1238 786 1313 additis
820 1238 1047 1313 centimetris
1077 1239 1217 1313 cubicis
1248 1239 1489 1315 asolutionis
1523 1241 1650 1317 stanni

453 1365 611 1440 chiorati
628 1366 725 1440 inter
744 1365 880 1440 horam
899 1367 1065 1440 colorem
1084 1367 1343 1441 obscuriorem
1361 1388 1411 1442 ne
1430 1368 1595 1463 accipiat

561 1492 739 1568 Gramma
775 1493 876 1585 sans,
906 1493 1014 1567 acido
1042 1492 1175 1567 uitrico
1202 1494 1460 1569 humectatum
1498 1499 1536 1570 et
1561 1501 1650 1589 post

453 1619 741 1695 exsiccationem
765 1623 874 1694 caute
897 1620 1055 1712 ignitum
1077 1620 1230 1694 minime
1260 1621 1569 1713 centigrammata
1597 1624 1646 1698 07

451 1747 539 1822 ferri
553 1746 704 1840 oxydati
719 1745 916 1841 relinquat
931 1746 1038 1844 quod
1053 1768 1176 1840 aquae
1190 1746 1355 1825 fervidae
1370 1748 1462 1822 nihii
1476 1749 1648 1824 solubilis

450 1874 647 1968 impertiat

560 2000 738 2075 Servebir
755 1999 795 2074 in
813 2022 904 2075 vase
924 2022 948 2074 a
966 2001 1049 2075 luce
1068 2005 1227 2075 remoto.

559 2362 783 2496 ioman
821 2359 1112 2529 oxydaton
1149 2362 1535 2498 saccharaton.

449 2636 529 2731 Rp:
558 2639 666 2712 Natrii
685 2638 853 2711 sarbonici
872 2638 1097 2730 crystallisati
1374 2643 1498 2735 partes
1585 2640 1645 2715 15.

523 2765 632 2839 Solve
650 2764 690 2837 in

556 2896 669 2982 Aquae
1140 2852 1151 2892 x
1327 2890 1500 2989 pactibus
1583 2894 1644 2966 30.

521 3019 623 3093 Haec
652 3018 788 3091 solutio
817 3017 1022 3091 admittitur
1049 3016 1192 3092 sensim
1220 3018 1438 3112 sensimque
1467 3019 1643 3094 continue

450 3145 626 3239 agitando
648 3150 685 3219 et
702 3144 960 3236 refrigerando

557 3275 652 3345 Ferri
671 3273 931 3362 sesqufcbiorati
949 3272 1053 3345 soluti
1331 3270 1497 3369 parribus
1581 3274 1643 3348 30.

520 3398 674 3491 Liquori
691 3398 808 3471 diluto
828 3418 914 3470 cum

555 3530 668 3617 Aquae
686 3527 832 3616 frigidae
1328 3524 1494 3621 parcebar
1564 3528 1644 3601 600

521 3651 686 3726 admisce
707 3651 933 3725 solutionem
952 3651 1208 3743 refrigeratam

556 3781 664 3853 Natrfi
683 3780 852 3852 carbonici
871 3780 1096 3872 crystallisati
1325 3779 1494 3877 partium
1589 3780 1642 3855 ·i5

555 3911 668 3998 Aquae
1325 3905 1491 4004 portium
1549 3908 1641 3981 600.

520 4034 618 4107 Tum
636 4033 804 4107 misceiia
831 4036 1038 4125 seponatur
1057 4037 1094 4106 et
1120 4032 1244 4127 liquor
1269 4033 1446 4127 limpidus
1470 4038 1642 4107 accurate

447 4162 675 4235 decantetur.
711 4160 1001 4253 Praecipitatum
1027 4159 1115 4234 inde
1145 4161 1340 4234 obtentum
1369 4160 1515 4233 eluatur
1542 4181 1642 4252 aqua

445 4289 579 4382 frigida
609 4288 767 4381 repetita
793 4287 1034 4379 sepositione,
1074 4287 1196 4361 donec
1223 4286 1361 4360 reactio
1391 4285 1487 4360 acidi
1505 4285 1641 4379 hydro·

447 4416 600 4489 chion'ci
618 4415 730 4508 piane
750 4413 984 4507 disparuerit

517 4541 762 4635 Praecipitato
800 4561 928 4634 panno
957 4538 1072 4613 linteo
1109 4540 1274 4628 collecto,
1302 4539 1465 4632 perfecte
1489 4540 1566 4613 loto
1604 4543 1642 4613 ct

445 4669 577 4743 leniter
596 4688 775 4761 expresso
796 4667 963 4740 admisce
981 4667 1021 4740 in
1040 4667 1168 4760 patina
1184 4666 1422 4760 porcelianea
