3725 5400
739 461 936 535 ..1x...

243 691 426 771 codicem
460 687 862 768 medicamentarium
901 710 1052 765 novum
1086 690 1321 767 exaratum
1345 708 1437 763 esse

242 856 375 935 velint.
416 854 594 934 Demum
627 859 669 931 et
705 851 1034 931 nosocomiorum
1066 849 1437 929 Vindobonensium

244 1019 411 1122 collegia
447 1017 700 1097 mchcorum
736 1013 1018 1119 primariorum
1058 1034 1248 1092 necnon
1286 1012 1437 1117 profes-

243 1206 369 1274 sores,
410 1182 479 1284 qui
515 1180 682 1260 diversis
724 1179 876 1259 clinicis
908 1182 1114 1281 praesunt,
1145 1176 1302 1257 invitati
1341 1181 1438 1256 sunt
1528 1167 1532 1174 ’

243 1345 432 1437 indicare,
455 1371 558 1448 quae
582 1344 849 1423 medicamina
879 1343 920 1421 in
953 1340 1168 1420 elenchum
1198 1339 1437 1444 recipienda,
1479 1452 1481 1457 ,

244 1534 347 1611 quae
390 1509 615 1588 omittenda
655 1513 796 1585 essent
836 1510 879 1585 et
924 1528 1025 1607 quas
1065 1504 1261 1583 formulas
1299 1502 1438 1582 editio-

245 1673 307 1751 nis
330 1671 419 1753 VII.
442 1671 717 1750 emendandas
740 1675 965 1749 censerent.

350 1835 587 1915 Relationes
611 1840 653 1913 et
675 1834 899 1913 sententias
922 1834 975 1911 ad
998 1832 1105 1910 banc
1127 1855 1213 1910 rem
1237 1856 1290 1909 ex
1313 1831 1438 1909 emni-

245 2000 321 2078 bus
365 1999 521 2102 imperii
563 1998 745 2101 partibus
790 1997 947 2076 delatas
992 1995 1204 2075 consilium
1253 1993 1437 2074 sanitatis

242 2184 479 2266 supremum
495 2162 639 2266 selegit
655 2167 698 2240 et
716 2162 882 2264 collegio
910 2158 1240 2263 pharmaceutico
1273 2156 1437 2262 speciali

246 2327 300 2403 ad
330 2348 473 2405 novam
509 2325 725 2404 edItionem
768 2323 922 2403 codicisw
953 2324 1173 2402 curandam
1214 2321 1435 2401 constituto

244 2489 452 2581 intimavit,
484 2492 531 2568 ut
553 2489 603 2566 de
628 2488 836 2567 desideriis
859 2488 900 2566 in
921 2486 1136 2590 provinciis
1169 2486 1436 2564 existentibus

243 2653 445 2746 edoctum,
472 2653 513 2732 in
536 2677 657 2757 opere
681 2652 960 2755 componendo
984 2674 1126 2731 eorum
1147 2650 1297 2728 iustam
1317 2649 1435 2728 ratio-

240 2841 336 2895 nem
357 2817 517 2896 habeat.

352 2980 471 3084 Operi
503 2979 702 3071 confecto,
734 3003 842 3058 nunc
874 2979 1051 3058 editione
1074 2978 1186 3059 VIII.
1225 2978 1266 3056 in
1304 2978 1437 3056 lucem

245 3143 460 3246 prodeunti
482 3145 659 3222 subsunt
680 3142 874 3245 principia
896 3142 1123 3245 sequentia:

349 3306 398 3386 In
420 3307 685 3388 selectione
705 3306 1078 3397 medicaminum,
1103 3317 1206 3408 quac
1226 3303 1439 3383 materiam

244 3470 335 3549 novi
351 3470 501 3549 codicis
519 3470 783 3561 constituunt
802 3492 900 3572 prae
921 3468 1094 3548 caeteris
1113 3467 1292 3548 rationes
1311 3468 1438 3548 scien-

243 3634 375 3713 tificae
393 3639 435 3713 et
454 3633 597 3713 clinica
613 3633 865 3736 experientia
881 3634 1068 3712 consulta
1083 3631 1260 3712 fuerunt.
1280 3630 1440 3713 Omissa

244 3801 340 3875 sunt
361 3796 639 3888 medicamina,
665 3821 768 3899 quae
791 3797 909 3899 lapsu
929 3796 1125 3899 temporis
1157 3819 1249 3874 raro
1281 3795 1440 3874 nonnisi

243 3960 305 4037 rel
326 3947 500 4075 '‘jomnino
533 3983 614 4038 non
646 3961 696 4038 ab
731 3961 830 4038 artis
861 3960 1044 4039 medicae
1076 3958 1215 4061 peritis
1246 3958 1440 4060 praescri-

244 4122 395 4210 buntur
417 4128 459 4201 et
479 4123 614 4225 aptius
636 4124 830 4202 remediis
852 4123 1057 4226 principiis
1086 4144 1194 4200 nunc
1216 4119 1440 4226 vigentibus

126 4281 132 4291 '
244 4286 518 4365 accomodatis
557 4286 734 4390 suppleri
779 4290 965 4389 possunt
1010 4308 1131 4389 porro
1174 4283 1441 4363 medicamina

238 4448 387 4528 dubiae
410 4473 458 4530 ac
479 4449 678 4530 variabilis
713 4449 930 4542 efficaciae,
963 4450 1128 4527 demum
1160 4448 1318 4527 diuersa
1348 4446 1441 4525 sim·

239 4610 370 4713 plicia,
398 4635 502 4714 quae
535 4635 618 4693 non
645 4617 783 4715 partes
820 4611 973 4692 activas
1001 4612 1298 4690 constituentes
1331 4633 1441 4711 prae·
