3725 5400
918 443 1163 516 ..344-

442 659 577 733 mercis
598 660 797 733 combusta
816 682 864 734 ne
884 661 970 754 plus
996 683 1111 754 quam
1138 665 1265 755 partes
1287 662 1309 733 3
1331 658 1466 733 cineris
1493 661 1637 734 susces-

442 788 561 862 centis
580 789 778 882 relinquat.

551 916 749 989 Contineat
768 916 906 990 Semen
935 916 1110 1009 Strychni
1137 915 1176 989 in
1203 915 1373 1010 partibus
1407 916 1482 988 100
1510 919 1636 1009 partes

442 1044 538 1117 duas
563 1048 600 1117 61
623 1020 817 1117 dimidiam
838 1043 934 1135 (15)
959 1044 1224 1117 alcaloidorum
1254 1042 1503 1137 propriorum,
1534 1042 1637 1136 quod

441 1171 633 1244 examines
653 1170 909 1264 subsequente
927 1171 1083 1245 ratione·

550 1298 711 1371 Seminis
741 1299 915 1392 strychni
938 1299 977 1372 in
1006 1299 1159 1392 pulvere
1188 1303 1399 1389 grammata
1426 1299 1451 1371 6
1482 1298 1635 1371 extrahe

442 1426 737 1518 conquassando
757 1427 795 1499 in
814 1426 949 1519 lagena
977 1426 1115 1500 idonea
1143 1447 1229 1499 cum
1258 1425 1437 1517 grammis
1468 1427 1519 1499 60
1547 1424 1635 1498 mis-

442 1555 557 1627 cellae
591 1576 611 1628 e
644 1527 814 1648 bartibus
849 1555 872 1627 3
911 1553 1075 1627 aetheris
1105 1557 1142 1627 el
1168 1556 1275 1646 parte
1313 1552 1329 1625 1
1369 1551 1634 1626 chloroformii.

441 1682 580 1775 Elapso
626 1686 795 1775 tempore
828 1680 945 1754 horae
984 1679 1157 1753 dimidiae
1204 1679 1371 1753 admisce
1419 1679 1636 1753 centimetra

440 1808 573 1882 cubica
606 1810 630 1882 5
664 1808 876 1882 ammoniae
911 1813 948 1881 et
979 1807 1131 1901 saepius
1166 1791 1458 1901 conquassando
1493 1808 1635 1880 sensim

440 1936 660 2035 sensimque
694 1936 914 2011 centimetre
947 1935 1079 2010 cubica
1115 1936 1163 2009 10
1184 1957 1315 2028 aquae,
1344 1935 1467 2009 donec
1496 1934 1633 2008 solutio

439 2064 601 2138 evaserit
622 2063 785 2159 limpida
815 2064 1033 2138 Grammata
1053 2065 1104 2138 50
1124 2064 1237 2137 huius
1258 2065 1455 2138 solutionis
1476 2065 1636 2139 decanta

441 2198 478 2265 et
497 2213 686 2285 exquassa
704 2191 847 2265 vicibus
867 2191 1113 2285 sequentibus
1133 2214 1219 2266 cum
1240 2192 1466 2266 centimetris
1493 2192 1633 2266 cubicis

441 2320 505 2410 uu,
531 2321 579 2393 10
599 2321 679 2395 615
704 2320 800 2393 acidi
818 2319 1094 2411 hydrochlorici
1114 2319 1218 2393 diluti
1236 2321 1315 2413 (05
1334 2351 1382 2384 =
1402 2321 1504 2410 1001.
1527 2320 1633 2394 Solu·

439 2447 590 2537 tionem,
637 2447 765 2521 addita
802 2447 993 2521 ammonia
1031 2447 1228 2520 alcalinam
1264 2447 1414 2537 factam,
1445 2469 1634 2540 exquassa

439 2578 537 2652 binis
569 2578 713 2653 vicibus
748 2599 835 2652 cum
873 2577 1052 2670 grammis
1088 2578 1139 2650 60
1172 2577 1360 2651 miscellae
1395 2578 1632 2671 supradictae

439 2705 954 2781 aethereo-chloroformicae.
990 2705 1203 2779 Solutiones
1236 2705 1633 2779 aethereo-chloroior·

438 2835 570 2926 micae,
606 2836 782 2909 collectae
815 2834 854 2906 in
887 2833 1081 2907 cucurbita
1113 2838 1286 2907 accurate
1314 2834 1524 2927 ponderata
1561 2854 1632 2927 ope

439 2962 697 3036 destillationis
717 2966 982 3056 evaporantur3
1010 2961 1207 3035 residuum
1235 2982 1323 3034 cum
1351 2961 1493 3054 aliquot
1520 2960 1632 3034 centi-

438 3092 567 3165 metris
605 3092 746 3166 cubicis
785 3092 948 3166 aetheris
986 3090 1323 3186 superinfundatur
1355 3094 1393 3162 61
1428 3089 1557 3163 aether
1593 3089 1632 3161 in

437 3218 573 3293 balneo
594 3242 714 3312 aquae
735 3224 968 3313 evaporetur.
989 3218 1091 3292 Haec
1106 3218 1273 3311 operatio
1287 3221 1488 3312 repetatur,
1510 3216 1631 3290 donec

436 3345 642 3437 residuum,
672 3346 775 3419 initio
808 3346 1068 3421 verniciforme
1105 3345 1145 3418 in
1177 3366 1347 3418 massam
1379 3344 1631 3436 crystallinam

436 3474 635 3548 transierit.
656 3474 754 3548 Tum
773 3474 913 3547 trutina
932 3473 1175 3547 examinetur.

544 3601 700 3675 Pondus
714 3601 828 3674 huius
841 3601 984 3675 residui
998 3600 1189 3689 sito-125,
1209 3600 1447 3694 respondens
1461 3598 1631 3693 partibus

436 3730 651 3804 centesimis
670 3729 940 3803 alcaloidorum
961 3729 1038 3802 15.
1109 3775 1113 3782 ·

825 4089 1012 4225 Serum
1049 4088 1243 4223 baetis.
1380 4046 1383 4052 ⁵

436 4368 509 4462 Rp:
543 4370 654 4441 bootis
673 4370 807 4441 vaccini
824 4369 972 4439 recentis
1360 4368 1482 4459 partes
1541 4364 1627 4437 100.

440 4524 443 4533 ¹
507 4495 707 4584 Ebulliant;
728 4494 800 4568 sub
819 4494 921 4567 initio
943 4492 1166 4567 ebullitionis
1186 4492 1284 4565 adde

542 4626 637 4697 16611
1337 4625 1479 4715 portem
1593 4618 1626 4692 1.
