3725 5400
910 453 1147 526 -170-

721 662 871 799 lolia
903 664 1109 800 'lrilolii
1145 666 1339 802 ibrini.

539 886 765 985 Mmyanttes
798 884 977 981 trifoltala
1003 887 1053 979 L„
1080 888 1210 983 planta
1237 890 1414 982 perennis
1450 890 1628 985 palustris

431 1015 616 1109 indigena

539 1142 644 1217 Folia
674 1146 832 1233 temate,
873 1143 986 1236 longe
1024 1144 1201 1237 petiolata
1237 1143 1376 1238 petiolo
1413 1144 1625 1237 vaginante,

430 1270 567 1344 foliolis
578 1269 847 1344 subsessilibus
858 1270 1028 1344 ovalibus
1043 1271 1103 1344 vel
1112 1272 1284 1345 oboratis
1295 1271 1400 1346 5—8
1412 1271 1629 1346 centimetra

430 1400 554 1493 longis
600 1399 757 1491 obtusis
799 1398 1047 1492 integerrimis
1093 1403 1158 1473 aut
1198 1399 1628 1493 repandosubcrenatis,

432 1526 581 1620 glabris
624 1526 895 1617 crassiusculis¹
928 1526 1024 1600 laete
1066 1526 1257 1616 viridibus
1299 1526 1446 1601 siccatis
1492 1526 1627 1600 subtus

432 1674 591 1728 nervum
608 1653 826 1747 primarium
845 1652 1113 1746 praebentibus
1141 1654 1224 1727 basi
1251 1653 1379 1744 latum,
1409 1653 1627 1746 collapsum,

431 1782 652 1875 plerumque
666 1780 984 1871 longitudinaliter
996 1780 1185 1874 plicatum,
1201 1801 1335 1854 versus
1354 1779 1469 1854 folioli
1485 1780 1628 1874 apicem

432 1909 638 1983 admodum
658 1907 946 1982 decrescentem
966 1908 1120 2002 Saporis
1139 1912 1229 1982 sunt
1247 1908 1441 2002 peramari.

539 2034 620 2130 Ope
654 2034 891 2127 microscopii
931 2035 1180 2109 observantur
1215 2035 1436 2129 praesertim
1473 2035 1626 2109 cellulae

432 2162 670 2258 epidermidis
693 2162 852 2255 paginae
885 2162 1000 2235 folioli
1033 2162 1237 2257 superioris
1270 2162 1490 2254 regulariter
1524 2163 1626 2256 poly-

433 2309 566 2381 gonae,
600 2292 705 2382 parte
738 2290 980 2363 membranae
1019 2293 1173 2364 externa
1208 2289 1504 2382 hemisphaerica
1542 2311 1626 2383 pro-

431 2416 613 2502 minente;
647 2420 809 2489 stomata
841 2415 990 2507 singula
1022 2417 1251 2490 circumdata
1283 2416 1424 2491 cellulis
1456 2418 1482 2489 4
1510 2418 1626 2512 lepto-

432 2542 572 2617 dermis
592 2542 868 2632 subundulatis,
893 2542 999 2635 plicis
1024 2544 1209 2650 cuticulae
1229 2544 1402 2617 radiatim
1425 2565 1449 2616 a
1466 2550 1626 2618 stomata

430 2670 637 2765 dispositis3
666 2671 944 2764 mesophyllum
976 2671 1079 2745 haud
1112 2652 1307 2746 manifeste
1337 2671 1626 2747 differentiatum

428 2801 593 2875 maxima
611 2821 657 2875 ex
675 2805 779 2894 parte
800 2804 981 2874 constans
1000 2822 1020 2873 e
1039 2801 1341 2893 merenohymate
1361 2820 1493 2892 grosse
1513 2821 1624 2895 spon·

430 2928 554 3020 gioso;
597 2928 763 3002 fasciculi
800 2948 996 3000 rasorum·
1011 2928 1147 3019 vagina
1180 2949 1200 3001 e
1238 2927 1379 3003 cellulis
1414 2927 1621 3002 maioribus

428 3054 764 3147 parenchymaticis
799 3054 1036 3128 decoloribus
1070 3054 1297 3128 circumdati.
1330 3054 1433 3128 Faba
1467 3075 1512 3128 ex
1545 3059 1623 3129 toto

429 3187 558 3256 carent
574 3181 780 3255 nichomis.

540 3309 616 3381 100
636 3309 769 3381 mercis
789 3314 914 3401 partes
929 3330 978 3383 ne
993 3308 1118 3383 nunus
1134 3329 1249 3407 quam
1266 3309 1316 3383 bb
1331 3281 1457 3402 partes
1473 3311 1626 3384 extracti

427 3436 561 3528 aquosi
581 3435 781 3509 exhibeant
799 3441 836 3510 et
863 3436 1082 3510 combustae
1111 3457 1159 3510 ne
1187 3437 1273 3530 plus
1292 3457 1407 3530 quam
1424 3443 1551 3530 partes
1575 3438 1624 3510 10
1681 3469 1684 3474 »

327 3589 334 3604 ’
427 3561 563 3636 cineris
582 3562 782 3636 subviridis
801 3563 1024 3657 relinquant

730 3811 747 3848 Ἰ
779 3885 927 4021 lolia
963 3886 1112 4022 Uvae
1149 3886 1280 4022 ursi.

534 4106 824 4204 Arctoatapltplos
851 4106 1043 4204 fflicinala‘a
1070 4107 1273 4182 Wimmer
1296 4114 1333 4183 et
1356 4108 1624 4202 Grabowski,

424 4234 621 4310 buticulas
650 4236 936 4328 sempervirens
963 4235 1002 4309 in
1025 4235 1217 4309 montibus
1246 4236 1423 4311 calcareis
1451 4234 1623 4329 Europae

426 4384 611 4438 crescens.

533 4490 637 4564 Folia
646 4490 809 4565 obovata
817 4492 876 4565 vel
891 4492 1090 4585 spatulam,
1114 4491 1270 4566 12-15
1281 4490 1492 4565 millimetra
1499 4492 1624 4582 longa

427 4618 530 4711 apice
545 4618 683 4691 obtusa
697 4622 762 4691 aut
776 4619 988 4705 rotundata,
1003 4618 1042 4691 in
1059 4619 1237 4711 petiolum
1254 4618 1408 4692 brevem
1422 4622 1624 4706 attenuata,
