3725 5400
695 489 939 562 -315-

329 705 559 780 Insectione
578 711 797 781 transversa
813 708 980 781 annulus
1008 706 1275 782 fasciculorum
1301 731 1413 783 vaso·

219 854 305 906 rum
324 835 489 924 clausus
506 833 655 907 orificiis
671 833 804 928 amplis
818 851 998 908 vasorum
1012 856 1187 929 perosus²
1203 837 1415 911 flavescens

220 965 285 1034 aut
304 960 469 1050 citrinuS,
490 961 693 1035 medullam
713 963 877 1056 amplam
892 962 1016 1036 albam
1039 962 1237 1037 includens
1258 964 1415 1039 circum-

221 1088 331 1162 datus
371 1094 429 1162 est
456 1093 575 1162 strato
601 1088 765 1162 cortieali
788 1089 956 1163 larinoso
985 1089 1071 1163 albo
1101 1094 1166 1163 aut
1194 1092 1414 1166 subrubello

221 1215 364 1289 circiter
382 1215 496 1309 duplo
515 1215 658 1289 latiore.

329 1342 409 1437 Ope
429 1342 666 1436 microscopii
685 1343 935 1417 observantur
960 1344 1113 1418 cellulae
1133 1345 1415 1418 endodermidis

218 1469 428 1543 uniserialis
465 1470 505 1543 in
543 1470 685 1543 ambitu
723 1470 853 1544 annuli
888 1470 979 1562 ligni
1015 1469 1054 1544 in
1092 1471 1258 1546 sectione
1290 1477 1414 1547 mans·

219 1617 331 1669 versa
357 1596 480 1670 forma
507 1597 585 1671 fere
615 1597 799 1690 quadrati,
829 1619 965 1692 parum
994 1603 1031 1672 et
1056 1599 1135 1673 fere
1169 1599 1415 1693 aequabiliter

219 1723 450 1798 incrassatae
475 1730 513 1798 et
530 1725 785 1819 parenchyma
818 1726 925 1799 strati
952 1725 1137 1800 corticalis
1161 1733 1198 1800 et
1224 1727 1413 1800 medullae

129 1880 131 1883 >
217 1855 368 1924 scatens
397 1853 520 1946 amylo
550 1852 771 1945 composito,
801 1852 1023 1927 intermixtis
1051 1853 1219 1927 utriculis
1238 1875 1414 1928 numero·

217 1977 282 2068 siS,
312 1979 490 2073 raphides
524 1979 629 2053 calcii
656 1979 789 2053 oxalici
820 1979 1043 2073 mucilagine
1076 1980 1263 2054 involutas
1296 1981 1413 2054 inclu-

220 2106 404 2180 dentibus

331 2233 407 2305 100
426 2235 562 2308 mercis
591 2239 717 2328 partes
747 2256 795 2308 ne
823 2235 909 2328 plus
939 2256 1054 2328 quam
1082 2239 1210 2329 partes
1230 2236 1253 2309 8
1275 2235 1410 2309 cineris

219 2380 239 2432 e
258 2360 396 2434 flavido
412 2362 486 2436 albi
504 2363 728 2454 relinquant

327 2487 493 2563 Carene
514 2511 619 2564 emas
648 2489 719 2563 suh
748 2489 902 2564 nomine
931 2490 1199 2584 Sarsaparillae
1229 2491 1275 2565 de
1308 2490 1411 2564 Hon-

218 2615 332 2689 duras
353 2617 464 2691 aliam
481 2617 700 2691 varietatem
728 2617 863 2695 mercis
888 2617 1041 2692 Radicis
1061 2619 1339 2713 Sarsaparillae,
1369 2623 1412 2691 ut

217 2743 319 2816 illam
338 2745 410 2818 sub
429 2746 582 2819 nomine
603 2745 870 2839 Sarsaparillae
892 2746 938 2820 de
957 2746 1056 2820 Para
1075 2751 1140 2820 aut
1157 2746 1408 2835 Brasiliensis,

219 2874 284 2943 aut
302 2892 387 2945 eam
406 2872 479 2945 sub
497 2872 649 2945 nomine
675 2873 943 2965 Sarsaparillae
974 2873 1019 2946 de
1048 2873 1236 2947 Veracruz
1265 2878 1409 2962 notam,

220 2997 497 3090 dignoscendas
530 3000 752 3093 praesertim
797 3000 919 3076 forma
966 3001 1183 3073 cellularum
1225 3000 1411 3101 endoder-

216 3124 327 3199 midis
346 3126 571 3200 insertione
598 3128 843 3200 transversali
870 3128 975 3201 haud
995 3128 1179 3221 quadrata
1207 3127 1276 3200 sed
1295 3128 1409 3201 obso-

216 3252 288 3325 lete
304 3254 574 3345 quadrangula,
595 3254 784 3328 radialiter
796 3255 927 3328 leviter
940 3260 1113 3349 porrecta
1131 3260 1169 3329 et
1186 3255 1410 3328 membrana

217 3380 509 3474 earnminparte
520 3380 695 3455 interiore
705 3382 743 3454 in
753 3382 990 3476 illapaulo‚in
1000 3382 1412 3456 hacvaldeinerassata.

566 3703 742 3838 Radix
772 3705 1066 3840 Sassalras

601 3948 774 4053 Lignum
801 3948 1020 4030 Sassafras.

325 4138 515 4236 Socsofroc
536 4141 727 4236 officinalis
744 4143 777 4216 N
784 4166 870 4235 eea,
892 4145 1005 4219 arbor
1021 4145 1219 4220 Americae
1237 4146 1411 4220 borealis.

319 4268 441 4341 Radix
477 4270 602 4343 valida
632 4292 787 4345 ramosa
823 4272 973 4364 lignosa
1010 4274 1151 4347 siccata
1187 4273 1341 4347 obvenit
1371 4272 1410 4345 in

210 4396 480 4469 mercaturam
501 4398 706 4489 segmentis
727 4399 950 4492 cylindriciS,
977 4400 1113 4474 cortice
1152 4399 1408 4473 crassiuseulo

209 4523 323 4612 molli,
358 4528 466 4597 extus
500 4524 697 4613 suberoso,
725 4526 867 4598 rimoso
906 4527 1137 4600 cinereo-aut
1154 4527 1407 4616 fusco-rubro,

208 4648 310 4722 intus
330 4670 351 4722 e
370 4650 485 4723 rubro
505 4651 624 4740 flasco,
652 4651 752 4743 ligno
772 4651 876 4725 molli
894 4653 977 4742 levi,
1009 4653 1300 4748 subspongioso,
1322 4653 1409 4726 sub·
