3725 5400
927 509 1163 581 -0294—

791 722 967 858 Radix
994 722 1304 891 Argolicae.

554 917 809 1042 Artacoana
838 943 1028 1039 officinalis
1054 944 1304 1034 Hoffmann,
1329 946 1458 1039 planta
1480 944 1640 1034 oremus,

445 1074 484 1146 in
504 1072 711 1167 subalpinis
734 1073 941 1167 paludosis
971 1072 1151 1166 imprimis
1170 1072 1342 1167 Europae
1362 1071 1523 1148 borealis
1543 1093 1641 1147 cres·

446 1220 549 1289 cens,
571 1201 671 1294 apud
690 1222 762 1274 nos
781 1200 821 1274 in
838 1200 958 1274 hortis
977 1200 1204 1273 rusticorum
1222 1221 1300 1274 nou
1319 1221 1405 1274 raro
1421 1201 1531 1273 culta.

553 1327 657 1402 Merx
689 1332 886 1403 constate
920 1327 1074 1401 caudice
1111 1326 1225 1417 brevi,
1274 1327 1323 1401 ad
1361 1328 1385 1401 6
1425 1326 1642 1401 centimetra

446 1475 589 1544 crasso,
610 1475 764 1529 sursum
781 1454 941 1528 tenuiter
961 1454 1153 1547 densoque
1173 1454 1352 1527 annulato
1372 1457 1409 1527 et
1421 1452 1641 1546 vaginamm
1715 1475 1719 1478 ·

445 1579 622 1655 foliorum
650 1580 815 1675 reliquiis
846 1602 960 1674 saepe
988 1580 1348 1675 purpurascentibus
1374 1586 1521 1654 comato
1548 1600 1641 1654 una-

446 1730 534 1782 cum
551 1709 752 1798 radicibus,
772 1730 817 1782 cx
833 1730 878 1783 eo
892 1707 1060 1801 undique
1075 1707 1347 1801 prodeuntibus
1366 1708 1499 1800 longis,
1517 1729 1641 1801 usque

446 1836 495 1910 ad
518 1835 770 1910 millimetrab
801 1835 940 1910 crassis
974 1834 1216 1929 simplicibus,
1250 1835 1438 1938 mollibus,
1473 1834 1639 1923 sulcatis

445 1963 582 2038 cortice
615 1963 880 2052 crassiusculo,
915 1967 1024 2037 extus
1058 1961 1319 2054 griseo-tusco,
1353 1962 1455 2035 intus
1488 1961 1640 2035 sordide

446 2091 545 2182 albo,
564 2090 605 2164 in
624 2090 790 2165 sectione
808 2095 1027 2163 transversa
1044 2094 1174 2164 notato
1202 2088 1447 2182 receptaculis
1466 2088 1640 2162 balsami·

333 2247 343 2266 ·
443 2218 532 2293 ieris
550 2218 663 2292 fulvis
681 2218 721 2291 in
736 2217 973 2311 cndophloeo
988 2217 1160 2290 radiatim
1175 2216 1378 2310 dispositis,
1396 2215 1640 2309 amplioribus

445 2345 595 2419 orificiis
613 2366 792 2419 vasorum
810 2344 901 2436 ligni
920 2345 1080 2418 subtlavi
1099 2366 1231 2437 grosse
1250 2343 1423 2417 radiatim
1441 2342 1571 2416 striati.

552 2469 674 2545 Radix
706 2470 906 2564 Angelicae
932 2475 991 2544 est
1019 2470 1146 2544 odoris
1174 2469 1405 2564 penetrantis
1435 2468 1639 2556 aromatici,

444 2598 591 2693 saporis
611 2599 718 2688 acris,
739 2598 1033 2690 condimentarii,
1056 2598 1261 2672 subdulcis.

554 2728 630 2800 100
649 2731 775 2820 partes
804 2726 940 2800 mercis
967 2748 1016 2799 ne
1044 2728 1129 2820 plus
1159 2747 1273 2820 quam
1300 2727 1472 2820 partes8
1502 2725 1637 2800 cineris

439 2852 664 2947 relinquent.

547 2979 748 3055 Reiiciatur
781 3001 885 3054 merx
917 2979 1071 3053 insectis
1092 3000 1257 3054 corrosa.
1282 2979 1458 3053 Servetur
1475 2979 1514 3053 in
1533 2980 1635 3053 vasis

437 3106 534 3182 bene
554 3107 704 3181 clausis.

807 3284 984 3420 anm
1011 3285 1260 3421 Aruinae.
1375 3238 1380 3245 ⁹

835 3493 1033 3573 Rhizoma
1050 3492 1241 3573 Arnioac.

542 3652 678 3725 Arnico
697 3657 875 3740 anontanu,
895 3651 994 3725 vide:
1014 3651 1139 3724 Floras
1158 3652 1323 3724 Aruicoe.

542 3779 728 3853 Rhizoma
758 3778 991 3854 horizontale
1030 3784 1095 3852 aut
1127 3777 1321 3872 obliquum
1353 3800 1629 3873 praemorsum,

431 3907 613 3981 siccatum
641 3905 968 3999 subcylindiicum,
996 3906 1217 3999 plerumque
1247 3910 1443 3979 arcuatum
1469 3907 1529 3980 vel
1558 3907 1629 4000 sig·

430 4034 634 4124 moideum,
668 4055 791 4126 usque
825 4034 873 4107 ad
908 4033 1153 4108 decimetrum
1184 4035 1352 4126 longum,
1390 4033 1494 4108 3-5
1523 4033 1628 4108 milli·

430 4167 550 4237 metra
568 4183 751 4249 crassum,
773 4182 962 4255 asperum,
979 4162 1340 4249 subtuberculatum,
1354 4161 1502 4251 durum,
1519 4168 1627 4236 extus

428 4288 723 4376 arbro-fuscum,
732 4288 781 4362 ad
792 4288 1063 4362 extremitatem
1074 4288 1300 4362 anteriorem
1311 4287 1427 4362 caulis
1438 4289 1628 4363 foliorum·

428 4438 501 4509 que
529 4415 690 4489 residuis
720 4419 757 4488 et
784 4415 1024 4489 solummodo
1053 4415 1197 4489 inferne
1225 4415 1414 4489 radicibus
1449 4417 1625 4511 copiosis

427 4542 570 4617 circiter
588 4542 840 4616 millimetrum
856 4543 1006 4631 crassis,
1027 4542 1220 4635 fragilibus
1239 4542 1475 4633 instructum,
1497 4544 1626 4619 odoris

426 4670 558 4745 debilis
583 4670 787 4760 aromatici,
818 4670 965 4765 saporis
994 4670 1278 4743 acri-aromatici
1306 4675 1343 4744 et
1373 4671 1624 4747 amariusculi.
