3725 5400
707 480 943 552 -197-

227 698 408 773 subviridi
448 697 707 785 luscescends,
759 699 799 771 in
844 698 1009 770 fractura
1054 696 1240 769 conchata
1285 697 1421 770 coloris

227 825 399 915 subflavi,
422 846 530 899 cerae
549 825 668 898 instar
685 823 903 912 nitentibus
932 823 971 895 in
998 822 1216 914 fragmentis
1244 823 1420 897 tenuibus

227 953 437 1047 diaphanis‚
477 953 600 1027 calore
637 951 959 1038 mollescentibus;
998 956 1064 1023 aut
1098 950 1138 1023 in
1171 951 1297 1043 granis
1324 951 1421 1024 inter

226 1103 269 1155 se
298 1080 573 1174 conglutinatis,
604 1079 734 1153 autin
760 1077 899 1152 massis
937 1076 1141 1170 compactis
1168 1077 1419 1152 viridescenti-

226 1209 353 1283 inscis
390 1208 495 1282 Odor
524 1206 822 1282 Gummiresinae
857 1210 916 1280 est
948 1205 1146 1298 peculiaris
1179 1205 1420 1296 balsamicus

224 1335 326 1412 haud
338 1340 479 1429 gratim,
500 1356 615 1429 sapor
633 1333 872 1423 aromaticus
893 1332 990 1406 acris
1010 1338 1048 1406 et
1066 1354 1229 1407 amarus,

333 1464 436 1538 Trita
454 1484 541 1538 cum
560 1483 661 1556 aqua
679 1461 928 1535 emulsionem
948 1459 1110 1534 albidam
1129 1462 1294 1553 praebet
1308 1459 1420 1554 Aqua

227 1589 398 1665 Galbano
448 1590 659 1685 superflua,
704 1588 831 1662 addita
881 1593 987 1680 gutta
1031 1589 1243 1663 ammoniae
1294 1589 1419 1662 colore

224 1705 775 1808 caemleofluorescit3acidum
789 1715 1119 1808 hydrochlon‘cum
1130 1716 1419 1808 gummiresinae

223 1845 389 1920 affusum
407 1844 512 1920 brevi
529 1849 700 1938 tempore
720 1843 885 1916 colorem
903 1863 1135 1936 purpureum
1159 1842 1288 1918 induit

335 1972 412 2046 100
439 1976 566 2065 partes
594 1970 730 2044 mercis
767 1969 898 2063 spiritu
934 1970 1012 2043 vini
1039 1970 1238 2045 ebulliente
1256 1971 1418 2065 perfecte

222 2103 408 2173 extractae
446 2120 494 2172 ne
527 2100 612 2192 plus
643 2118 757 2190 quam
781 2101 907 2190 partes
934 2097 985 2170 50
1018 2096 1160 2171 residui
1192 2096 1355 2172 efficiant
1381 2104 1419 2172 et

222 2227 356 2300 eadem
371 2226 561 2319 quantitas
576 2225 774 2300 combusta
787 2244 836 2297 ne
851 2225 937 2318 plus
948 2229 1198 2317 quam-partes
1222 2225 1271 2299 10
1283 2224 1417 2299 cineris

221 2353 296 2427 albi
313 2354 509 2446 relinquat

328 2479 494 2574 illigatur
539 2501 646 2554 merx
690 2480 819 2573 purior
856 2500 876 2553 e
914 2478 1042 2572 granis
1080 2484 1261 2554 constans
1297 2481 1357 2554 vel
1394 2502 1415 2555 e

221 2609 372 2697 massis,
393 2608 531 2702 quibus
551 2628 669 2702 grana
685 2605 846 2701 plurima
863 2627 960 2701 pura
976 2606 1116 2681 insunt

330 2737 612 2811 Pulverandum
634 2741 671 2809 et
690 2735 953 2829 depurandum
977 2739 1036 2808 est
1054 2733 1266 2810 Galbanum
1284 2736 1418 2810 eodem

217 2864 333 2938 modo
352 2869 396 2938 ut
413 2864 712 2939 ammoniacum.

359 3065 986 3181 &commta-euna
1025 3069 1276 3182 Rulli.

757 3237 883 3319 duta.

332 3374 506 3448 eurania
525 3375 715 3475 Hanburyi
736 3378 911 3453 Hooker
929 3381 992 3470 fil,
1020 3382 1134 3456 arbor
1150 3382 1277 3458 Indiae
1297 3383 1416 3459 ouen

218 3503 313 3575 talis.
343 3502 488 3577 Succus
519 3505 860 3596 gummiresinosus
893 3507 933 3581 in
960 3508 1174 3585 Bambusae
1197 3512 1417 3586 internodiis

220 3630 400 3704 collectus
421 3636 459 3704 et
475 3630 685 3705 induratus.

327 3756 497 3832 Occurrit
524 3758 563 3831 in
592 3760 722 3834 frustis
751 3761 962 3854 cylindricis
991 3763 1122 3837 solidis
1146 3765 1267 3839 autin
1287 3772 1415 3841 centro

217 3884 318 3957 cavis
334 3885 508 3957 solitariis
522 3885 645 3959 rarius
665 3888 941 3981 conglutinatis,
961 3911 1084 3983 usque
1104 3890 1153 3964 ad
1175 3891 1416 3967 ldecimetra

215 4012 350 4104 longia,
381 4010 487 4086 3-5
516 4014 733 4088 centimetra
771 4018 921 4107 crassis,
943 4019 1175 4092 extrinsecus
1202 4039 1271 4113 per
1297 4020 1414 4113 longi·

216 4139 386 4213 tudinem
405 4138 554 4228 strictis,
577 4139 713 4214 coloris
732 4144 1071 4218 amentiam-fusci.

326 4265 467 4338 Eorum
485 4288 625 4358 massa,
641 4269 819 4362 ponderis
839 4272 1003 4365 specifici
1019 4273 1141 4362 lala,
1154 4277 1213 4346 est
1226 4273 1332 4363 dura,
1343 4275 1414 4348 fra·

218 4393 312 4485 giis,
333 4393 497 4465 fractura
524 4394 597 4468 late
627 4397 822 4486 conchata,
852 4398 959 4471 facile
988 4399 1171 4474 secedens
1198 4400 1238 4474 in
1256 4400 1416 4475 frustilla

217 4520 378 4594 obscure
417 4519 547 4593 citrina
592 4521 840 4615 impellucida,
897 4527 1091 4619 pulverem
1143 4533 1246 4618 grate
1275 4528 1414 4602 ssavum

217 4649 416 4741 praebebo,
439 4646 504 4745 qui
523 4653 862 4724 sternutamentum
881 4657 1018 4726 movet.
