3725 5400
904 468 1142 541 -136—

531 689 688 767 Pondus
726 687 995 765 alcaloidorum
1024 687 1218 763 obtentum
1247 686 1296 763 sit
1335 688 1622 781 centigramma·

417 823 499 893 tum
538 819 600 892 30.
641 817 785 907 Quodsi
823 816 1005 891 efficiatur
1039 814 1192 910 pondus
1229 815 1402 909 producti
1443 815 1618 909 superius

420 944 610 1040 quantitas
629 946 862 1019 substantiae
891 942 1119 1018 alcaloideae
1137 943 1338 1016 reducatur
1363 942 1412 1016 ad
1436 945 1621 1039 quantita-

419 1078 496 1146 tem
514 1072 783 1167 praescriptam
800 1071 943 1147 ratione
962 1070 1001 1144 in
1020 1071 1175 1145 m‘dculo
1196 1069 1359 1164 generali
1373 1070 1421 1144 de
1434 1070 1622 1145 Extracds

419 1199 664 1293 praescripta.

706 1487 1018 1623 llxtroctuu
1055 1484 1335 1620 laroxaci.

525 1708 682 1782 Paretur
710 1730 730 1783 e
752 1708 924 1801 partibus
954 1708 1176 1803 aequalibus
1194 1706 1343 1781 Bacticis
1361 1718 1406 1790 (11)
1438 1713 1475 1782 et
1497 1705 1617 1780 Folio·

417 1858 499 1908 rum
521 1833 696 1909 Taracoci
722 1847 756 1918 (1)
800 1840 843 1911 ut
876 1840 1085 1913 extractum
1113 1833 1304 1910 Centaurii
1331 1834 1486 1909 minoris
1529 1855 1615 1909 eva·

416 1963 590 2058 porando
610 1963 659 2037 ad
679 1963 965 2038 consistentiam
984 1963 1137 2037 extrudi
1151 1962 1274 2056 spissi
1299 1962 1368 2036 sed
1386 1962 1471 2037 loco
1490 1982 1617 2057 aquae

418 2089 584 2164 fervidae
604 2111 704 2182 aqua
721 2090 854 2183 frigida
874 2089 1107 2163 adhibeatur.

526 2217 582 2291 Sit
614 2217 749 2292 coloris
780 2216 886 2307 fusd,
920 2217 1069 2310 saporis
1108 2214 1243 2304 amari3
1276 2215 1447 2290 solvatur
1463 2215 1617 2310 limpide

416 2345 456 2418 in
475 2365 586 2437 aqua.

527 2470 755 2545 Centimetra
788 2470 920 2546 cubica
953 2473 1000 2544 10
1029 2470 1229 2546 solutionis
1257 2472 1421 2546 Extracti
1448 2492 1616 2565 aquosae

417 2599 452 2690 (1
479 2628 527 2662 =
554 2598 616 2689 10)
637 2598 794 2672 iiltratae
813 2619 861 2671 ne
882 2599 1007 2671 statim
1025 2598 1223 2672 turbentur
1237 2597 1372 2672 additis
1388 2597 1614 2673 centimetris

419 2725 559 2799 cubicis
581 2725 604 2798 5
625 2724 778 2820 spiritus
798 2725 883 2799 vini.

615 3013 928 3147 Emortui
966 3013 1172 3147 Tritolii
1208 3010 1404 3148 fibrini.

523 3236 680 3309 Paretur
702 3256 722 3307 e
741 3233 855 3307 Foliis
877 3231 1025 3328 Trifoiii
1038 3231 1162 3328 fiorini
1181 3245 1213 3318 (1)
1232 3239 1275 3308 ut
1293 3238 1503 3309 extractum
1518 3233 1612 3306 Cen·

415 3362 526 3437 taurii
534 3361 691 3435 minoris
707 3362 949 3455 evaporando
966 3363 1012 3436 ad
1025 3362 1308 3437 consistentiam
1318 3360 1471 3435 extracti
1486 3359 1615 3453 spissi.

524 3490 578 3564 Sit
597 3488 732 3562 coloris
752 3489 859 3578 disci,
891 3489 1038 3581 saporis
1057 3489 1252 3582 peramari,
1281 3490 1320 3563 in
1340 3510 1442 3583 aqua
1459 3487 1615 3583 limpide

416 3616 587 3707 solubile,
607 3616 847 3690 combustum
877 3617 1041 3690 cinerem
1070 3615 1206 3689 coloris
1229 3616 1357 3689 viridis
1384 3616 1614 3710 relinquens,

526 3742 753 3817 Centimetra
786 3743 917 3817 cubica
951 3744 999 3816 10
1029 3741 1229 3817 solutionis
1256 3742 1419 3816 Extracti
1447 3763 1616 3837 aquosae

416 3870 758 3965 (1:10)fi1tratae
787 3891 835 3944 ne
867 3868 995 3944 statim
1014 3869 1212 3944 turbentur
1231 3869 1367 3943 additis
1387 3867 1616 3944 centimetn‘s

415 3997 556 4073 cubicis
578 3999 600 4072 5
622 3997 776 4091 spiritus
794 3998 880 4072 vini.

588 4285 901 4421 Extractun
937 4283 1166 4420 Vibumi
1202 4283 1436 4421 fluidum

414 4506 490 4600 Rp:
522 4508 661 4580 dordan
680 4509 820 4580 liburni
839 4518 900 4591 (Ν)
1354 4511 1478 4602 partes
1525 4506 1614 4581 100.

488 4633 673 4708 Humecta
692 4634 937 4725 aequabiliter
957 4655 1045 4707 cum
1064 4633 1232 4707 miscella
1251 4655 1271 4706 0
