3725 5400
919 503 1131 576 ...90-

429 744 527 817 quae
554 719 715 797 invicem
752 723 954 796 convoluta
994 726 1032 794 et
1067 718 1107 795 in
1153 721 1331 796 baculum
1382 720 1623 815 supraposita

427 854 527 925 sunt

534 978 672 1051 Frusta
721 975 889 1064 corticiS,
938 974 1080 1050 circiter
1128 975 1379 1050 millimennm
1430 974 1624 1051 dimidium

426 1125 567 1195 crassa,
584 1104 761 1178 exhibent
774 1103 909 1177 faciem
923 1108 1118 1177 externam
1131 1105 1276 1179 laevem
1290 1103 1470 1197 glabram,
1487 1103 1622 1179 coloris

429 1230 691 1321 barido-fusci,
729 1250 799 1325 per
834 1228 1108 1324 longitudinem
1145 1236 1318 1305 ornatam
1350 1230 1451 1305 striis
1488 1230 1622 1306 albidis

425 1380 496 1434 nec
528 1381 606 1434 non
638 1360 841 1433 fracturam
872 1358 1035 1432 breviter
1061 1359 1333 1475 ,subfibrosam
1362 1358 1499 1434 Odon‘s
1533 1364 1623 1434 sunt

424 1486 623 1580 peculiaris
657 1490 761 1579 grate
798 1482 1001 1575 aromatici,
1040 1485 1188 1579 saporis
1222 1483 1619 1577 acre-condimentarii‚

425 1611 645 1688 dulciusculi
659 1618 696 1686 et
713 1612 846 1687 leniter
864 1610 1134 1704 mucilaginosi,
1154 1612 1215 1686 rix
1234 1610 1510 1705 adstringentis.

533 1741 613 1834 Ope
668 1737 906 1832 microscopii
962 1738 1181 1812 observabis
1226 1736 1409 1831 imprimis
1460 1743 1619 1814 stratum

425 1874 634 1943 extremum
652 1866 873 1941 continuum
892 1886 913 1939 e
932 1865 1075 1940 cellulis
1094 1865 1466 1960 sclerenchymaticis,
1485 1867 1620 1960 pardm

422 1994 669 2089 inaequaliter
704 1991 922 2066 incrassatis
961 1998 999 2067 et
1030 2013 1149 2086 grana
1186 1993 1297 2086 amyli
1329 1989 1619 2084 continentibus,

421 2123 538 2196 fibras
556 2119 639 2194 libri
668 2120 911 2194 secundarias
940 2119 1156 2195 fusiformes
1184 2121 1368 2214 complete
1391 2121 1619 2195 incrassatas

421 2271 489 2344 per
498 2247 780 2341 endophloeum
789 2246 1035 2347 subradiatim
1046 2247 1435 2340 dispersasutriculos
1444 2246 1620 2342 copiosos

423 2379 505 2452 oleo
530 2375 718 2465 aethereo,
749 2373 885 2468 partim
911 2373 1134 2465 mucilagine
1157 2374 1320 2468 repletos
1348 2373 1387 2447 in
1413 2376 1620 2469 parenchy·

421 2509 521 2580 mate
542 2502 707 2594 amylum
726 2499 978 2594 compositum
996 2504 1158 2592 gerente.
1667 2494 1669 2501 ’

536 2633 611 2707 100
629 2631 764 2706 mercis
785 2636 911 2725 partes
926 2652 975 2706 ne
989 2632 1115 2706 minus
1131 2652 1246 2725 quam
1264 2631 1312 2705 10
1327 2637 1451 2725 partes
1465 2631 1619 2707 extracti

424 2759 615 2854 spirituosi
634 2759 844 2834 exhibeant
873 2759 1018 2833 Eadem
1041 2757 1230 2853 quantitas
1250 2760 1448 2834 combusta
1465 2761 1619 2854 neptus

425 2909 539 2980 quam
556 2891 683 2981 partes
704 2887 727 2959 5
749 2885 884 2960 cineris
904 2886 980 2960 albi
997 2887 1192 2980 relinquat

725 3264 920 3442 Cortex
949 3263 1316 3433 Coniurango.

532 3521 744 3597 Maradcnia
784 3520 1016 3621 Catabana
1053 3519 1365 3598 Reichenbach
1401 3523 1462 3614 fit,
1498 3525 1620 3599 frutex

423 3652 612 3726 scandens
631 3649 796 3724 Andium
816 3647 1010 3724 Americae
1030 3650 1305 3743 aequatorialis

534 3778 671 3852 Cortex
706 3777 829 3852 trunci
869 3799 1138 3872 ramorumque
1177 3777 1339 3853 siccatus
1383 3780 1544 3855 occurrit
1578 3781 1618 3855 in

421 3906 550 3981 frustis
566 3905 775 3980 convolutis
791 3910 828 3979 et
841 3905 1094 3980 canaliculatis
1109 3906 1265 3997 levibns,
1285 3907 1388 3980 1-3
1404 3906 1620 3982 centimetra

420 4034 517 4124 latis,
538 4034 640 4106 1-5
656 4033 866 4107 millimetra
880 4032 1029 4121 crassis,
1049 4033 1205 4108 obtectis
1219 4034 1466 4129 peridermate
1481 4034 1620 4127 griseo·

422 4160 603 4234 subiusco
633 4164 699 4234 aut
716 4161 837 4253 fusco,
855 4160 1175 4251 longitudinaliter
1205 4183 1348 4255 rugoso
1371 4167 1439 4237 aut
1464 4162 1504 4236 in
1529 4164 1618 4237 vali-

422 4287 969 4376 dioribusverrucosorimoso,
983 4288 1329 4382 subsquamosovel
1342 4291 1619 4378 subtessellato‚

421 4414 460 4487 in
477 4415 593 4488 latere
625 4413 801 4488 interiore
834 4414 1166 4506 griseo-subtusus
1199 4437 1331 4507 grosse
1364 4437 1432 4509 per
1458 4418 1619 4509 longitu-

421 4541 546 4615 dinem
575 4535 732 4632 striatis',
765 4541 804 4613 in
823 4541 988 4615 tractura
1014 4541 1164 4614 fibrosis
1184 4549 1250 4616 aut
1268 4544 1560 4636 subgranulatis
1579 4545 1620 4620 in

421 4669 587 4743 sectione
619 4673 836 4741 transversa
869 4669 1015 4760 albidis
1036 4668 1194 4742 maculis
1227 4676 1292 4744 aut
1324 4672 1472 4765 punctis
1505 4672 1620 4746 ssavo-
