3725 5400
828 428 1153 546 &ttu-

548 697 693 786 Spiritus
713 697 789 766 Vini
808 696 908 766 lituu
1331 692 1497 788 portibus
1596 695 1631 768 5.

512 820 658 912 Sepone
673 820 817 894 invase
832 825 929 909 tecto
944 820 1141 912 perhoras
1159 821 1199 911 3;
1220 826 1301 895 tum
1314 821 1441 913 ingere
1460 843 1633 897 massam

437 946 477 1019 in
506 950 729 1040 apparatum
749 946 1006 1040 depulsorinm
1025 951 1062 1020 et
1081 947 1346 1040 superaffunde

547 1076 692 1166 Spiritus
710 1075 787 1146 Viui
806 1076 905 1148 diluti
1372 1080 1495 1170 partes
1570 1076 1631 1149 00.

509 1199 622 1274 Horis
659 1201 711 1272 48
741 1199 880 1293 elapsis
908 1200 967 1274 iac
1005 1206 1046 1274 ut
1078 1200 1202 1294 liquor
1229 1201 1402 1293 guttatim
1430 1185 1570 1276 defluat
1597 1207 1634 1275 et

437 1327 588 1400 affunde
607 1327 794 1421 pervices
814 1326 938 1401 denuo

547 1457 691 1547 Spiritus
710 1457 786 1527 Vini
805 1456 905 1527 ussuu
1374 1461 1495 1550 partes
1569 1456 1631 1530 50.

509 1582 690 1674 Liquores
739 1581 915 1656 collectos
964 1581 1188 1656 destillando
1235 1581 1274 1655 in
1325 1582 1461 1656 balneo
1510 1604 1632 1675 aquae

438 1710 556 1783 bbere
579 1706 753 1801 aspiritu
778 1708 855 1782 viui
883 1713 920 1781 ct
947 1707 1139 1781 residuum
1161 1727 1304 1800 sepone
1324 1707 1364 1780 in
1390 1708 1474 1782 loco
1501 1708 1632 1801 frigido

435 1858 504 1930 per
533 1836 584 1908 ul
603 1835 733 1925 horas;
763 1839 843 1908 tum
871 1836 970 1909 filtra
997 1840 1034 1908 et
1051 1835 1235 1927 liquorem
1262 1834 1441 1909 filtratum
1470 1856 1633 1930 empore

435 1963 475 2037 in
495 1963 630 2037 balneo
650 1984 772 2055 aquae
791 1962 840 2036 ad
859 1963 1143 2036 consistentiam
1161 1963 1313 2036 extracti
1332 1963 1455 2056 spissi.

545 2090 758 2164 Extractum
791 2090 1045 2163 Belladonnae
1084 2094 1142 2163 est
1170 2090 1305 2165 coloris
1335 2090 1437 2180 lusci,
1465 2091 1504 2163 in
1532 2112 1632 2182 aqua

436 2239 508 2291 nec
527 2239 604 2291 non
623 2217 662 2290 in
682 2217 815 2311 spiritu
834 2218 912 2290 uini
930 2217 1047 2290 diluto
1065 2215 1218 2309 limpide
1239 2216 1407 2290 solubile.
1435 2217 1633 2293 Contineat

437 2351 565 2439 partes
581 2346 678 2419 duas
694 2345 748 2437 (i)
764 2344 1034 2419 alcaloidorum
1047 2344 1286 2438 propriorum
1301 2344 1523 2438 inpartibus
1545 2348 1630 2420 100.

547 2472 694 2562 Quodsi
730 2472 958 2547 solutionem
990 2493 1176 2564 aquosam
1217 2473 1436 2564 grammatis
1467 2472 1632 2547 Extremi

437 2600 726 2693 exquassaveris
746 2599 1022 2688 chloroformio,
1052 2599 1278 2673 solutionem
1306 2599 1631 2674 chloroiormicam

437 2729 699 2821 evaporaveris
715 2733 752 2801 et
760 2728 955 2802 residuum
971 2728 1127 2802 solveris
1141 2728 1180 2801 in
1191 2728 1416 2801 centimetris
1427 2729 1567 2803 cubicis
1579 2729 1630 2802 00

437 2878 558 2948 aquae
574 2855 795 2945 ebullientis
811 2855 935 2947 liquor
957 2856 1116 2929 filtratus
1141 2855 1268 2928 addita
1290 2860 1396 2948 gutta
1421 2856 1630 2930 ammoniae

436 2983 628 3057 euidenter
645 2983 845 3057 fluorescat
866 2983 990 3056 colore
1010 3005 1030 3056 e
1051 2983 1223 3056 caeruleo
1242 2983 1502 3056 viridesceute.

543 3109 742 3199 Quantitas
772 3109 1044 3184 alcaloidorum
1071 3109 1235 3184 Extracti
1262 3110 1514 3184 Belladonnae
1540 3110 1627 3185 sub·

435 3241 618 3329 sequente
637 3237 781 3311 ratione
801 3241 941 3311 statuet
988 3293 996 3310 .
1418 3235 1422 3242 '

543 3364 705 3437 Extracti
723 3364 975 3438 Belladonnae
1004 3368 1214 3457 grammata
1244 3365 1302 3438 7·5
1332 3364 1436 3437 solve
1464 3364 1504 3437 in
1531 3384 1630 3437 mor·

433 3491 529 3565 tario
557 3491 713 3566 terendo
743 3513 814 3585 ope
840 3491 1145 3566 centimetrorum
1173 3492 1388 3566 cubicorum
1421 3493 1468 3565 10
1493 3512 1628 3585 aquae;

434 3617 663 3691 solutionem
691 3617 845 3691 immitte
873 3617 913 3691 iu
940 3617 1172 3692 cucurbitam
1192 3619 1379 3709 signatam
1398 3619 1630 3692 centimetro-

434 3766 519 3818 rum
534 3743 751 3818 cubicorum
771 3746 845 3818 150
865 3765 1044 3818 unacum
1059 3745 1287 3819 centimetris
1303 3744 1480 3818 cubicis5
1497 3767 1629 3838 aquae,

435 3871 660 3964 quibuscum
683 3872 902 3945 mortarium
922 3872 1201 3948 accuratissime
1226 3872 1401 3960 ablueris;
1432 3877 1513 3946 tum
1532 3872 1629 3946 adde

433 3999 625 4093 paulatim,
654 4020 806 4092 semper
832 3999 872 4072 in
900 4021 1017 4092 parva
1045 4000 1252 4091 quantitate
1282 4005 1319 4072 et
1337 4001 1628 4092 conquassando

433 4126 607 4219 spiritum
624 4125 700 4199 vini
720 4131 1003 4200 concentratum
1032 4123 1169 4224 (95⁰l0)
1199 4148 1320 4219 usque
1350 4126 1399 4200 ad
1412 4128 1629 4202 cucurbitae

432 4254 584 4345 signum
594 4253 780 4346 perlectae
791 4253 1017 4347 repletionis,
1029 4254 1176 4347 Sepone
1186 4254 1409 4349 perhoram,
1425 4260 1506 4328 tum
1520 4255 1629 4329 filtra.

543 4379 769 4455 Gentirnetra
808 4381 941 4455 cubica
988 4382 1062 4454 100
1098 4382 1255 4474 liquoris
1293 4382 1419 4456 iiltrati
1462 4379 1630 4478 (respon-

434 4509 563 4583 dentia
583 4509 760 4599 grammis
781 4510 804 4581 5
824 4509 1002 4607 Extracti)
1022 4509 1157 4583 additis
1179 4511 1405 4584 centimetris
1422 4510 1562 4585 cubicis
1577 4511 1628 4584 05

435 4657 557 4730 aquae
586 4656 750 4728 evapora
778 4636 849 4709 sub
879 4636 1057 4711 continua
1085 4637 1285 4730 agitatione
1322 4639 1362 4710 in
1390 4639 1519 4730 patina
1546 4659 1630 4731 por-
