3725 5400
797 420 801 429 ’
934 458 1171 532 -erc-

562 675 688 751 Pulvis
717 676 932 753 albissimus
967 675 1006 750 in
1039 682 1144 771 oque
1170 676 1249 751 fere
1281 676 1502 767 insolubilis,
1542 676 1648 752 acido

454 802 570 878 diluto
595 805 673 879 sive
694 805 838 897 uitrico,
870 806 948 880 sive
976 804 1262 900 hydrochlorico
1291 805 1397 880 focile
1426 805 1646 891 solvendus;

454 951 540 1006 cum
581 933 703 1008 notrio
739 932 1025 1029 hydrooxydato
1064 934 1188 1007 soluto
1225 932 1364 1007 mixtus
1403 934 1568 1007 colorem
1608 932 1647 1007 in

452 1059 592 1135 florum
611 1067 732 1136 mutet
749 1067 787 1137 et
805 1063 1035 1137 ammoniam
1053 1063 1212 1137 exhalat.

559 1188 602 1263 ln
646 1190 738 1264 tubo
784 1191 1002 1285 probatorio
1053 1190 1267 1280 calefactus,
1314 1191 1405 1283 quin
1450 1191 1644 1285 liquescat,

451 1316 737 1412 decomponitur
755 1323 793 1393 et
810 1319 891 1393 sine
909 1318 1063 1392 residuo
1083 1318 1214 1392 evolet

558 1446 737 1523 Gramma
782 1448 1011 1542 Hydrargyri
1057 1447 1253 1522 bichlorati
1294 1449 1510 1522 emmoniati
1559 1469 1643 1523 cum

450 1575 676 1650 centimetris
711 1575 852 1650 cubicis
895 1577 943 1648 10
973 1596 1094 1668 oquae
1128 1578 1422 1668 conquassatum
1457 1575 1642 1669 liquorem

448 1705 638 1799 praebeat,
679 1703 743 1798 qui
778 1704 939 1778 filtratus
972 1724 1073 1797 equa
1106 1703 1412 1796 hydrosullructe
1443 1725 1492 1776 ne
1520 1705 1643 1778 fusce·

448 1834 585 1922 scetur,
606 1835 761 1924 argento
775 1831 907 1905 nitrico
927 1833 1051 1905 soluto
1070 1832 1331 1905 tamtummodo
1350 1831 1531 1921 turbetur,
1553 1833 1643 1925 quin

448 1960 574 2034 stetim
593 1958 845 2034 sedimeotum
863 1959 1111 2033 flocculosum
1130 1959 1225 2032 edat

494 2287 1169 2423 Hyararonrum
1197 2286 1609 2397 bicolora·

670 2458 844 2560 eum
881 2448 1422 2563 corrosionem

552 2634 681 2710 Messe
694 2634 908 2730 crystallino
926 2636 1023 2726 elba,
1040 2635 1267 2729 ponderose,
1280 2634 1478 2729 diophane,
1491 2634 1638 2729 saporis

446 2763 652 2839 admodum
698 2761 882 2851 metallici,
925 2763 965 2836 in
997 2762 1166 2856 partibus
1204 2762 1251 2835 16
1299 2783 1422 2856 oquae
1468 2761 1636 2854 frigidae,

447 2893 470 2964 3
486 2913 607 2986 oquae
626 2889 825 2980 bullientis
846 2889 1073 2984 inpartibus
1096 2891 1117 2962 3
1139 2890 1290 2984 spiritus
1304 2889 1391 2979 vini,
1412 2889 1637 2984 inpartibus

451 3018 607 3092 12-14
636 3018 797 3093 aetheris
826 3017 1005 3091 solubilis.
1034 3017 1076 3090 ln
1095 3017 1186 3090 tubo
1215 3017 1430 3110 probatorio
1460 3016 1639 3091 calefacta

442 3147 617 3240 liquescit
635 3150 673 3220 et
690 3168 735 3220 ex
753 3146 899 3238 integro
919 3147 1107 3220 srmlimat.

552 3273 1438 3372 Solutioaquoseestreectionisacidae‚a‹liecta
1451 3275 1636 3349 solutione

443 3401 552 3476 netrii
571 3400 726 3475 chlorati
753 3400 934 3474 neutrius
955 3401 1095 3475 Eadem
1111 3422 1197 3475 cum
1216 3401 1337 3475 netrio
1353 3400 1636 3495 hydrooxydato

443 3530 567 3604 soluto
610 3529 861 3603 sedimentum
912 3530 1051 3603 flevum
1096 3529 1262 3618 demittit,
1302 3532 1456 3621 argento
1504 3529 1635 3604 nitrico

443 3657 569 3731 addito
598 3656 881 3750 praecipitatum
914 3657 1042 3731 album
1078 3658 1118 3731 in
1146 3658 1254 3732 acido
1282 3656 1415 3730 nitrico
1436 3656 1634 3731 insolubile

442 3783 564 3859 efficit

441 4040 1114 4314 Hydraromu‘rgo
1160 4042 1636 4152 coloratum

929 4230 1012 4314 m
1083 4236 1154 4317 e.

547 4386 675 4461 Massa
689 4389 902 4482 crystallino
929 4389 1192 4463 sublimatione
1207 4389 1361 4463 obtenta
1387 4389 1427 4462 in
1440 4390 1633 4483 pulverem

440 4514 725 4589 subtilissimum
743 4515 896 4590 redacto
928 4517 1067 4610 optime
1087 4537 1187 4610 equa
1204 4515 1347 4589 fervida
1366 4516 1523 4605 eluatur,
1545 4517 1632 4591 dein

438 4643 523 4717 loco
543 4641 707 4717 obscuro
727 4642 898 4718 siccetur.
