3725 5400
710 509 953 582 -305-

632 721 807 857 Radix
847 722 1027 857 Iridis,

659 965 856 1047 Rhizoma
876 967 1007 1048 Iridis,

341 1182 414 1255 Iris
445 1179 653 1254 Germanico
681 1181 736 1270 L.‚
771 1180 846 1254 Iris
873 1179 1019 1278 pallido
1051 1182 1263 1266 Lamarck
1292 1188 1328 1256 et
1356 1181 1430 1257 Iris

232 1310 438 1383 Florentino
466 1309 521 1398 L.‚
550 1309 700 1402 plantae
728 1308 925 1398 redivivae,
958 1308 997 1382 in
1024 1308 1176 1403 Europa
1209 1309 1429 1385 australiore

234 1437 443 1531 indigenae,
464 1436 645 1531 imprimis
665 1436 705 1509 in
723 1435 828 1509 Italia
848 1438 982 1510 cultae.

341 1563 527 1637 Rhizoma
552 1562 786 1636 horizontale
813 1563 1183 1654 surculo-ramosum,
1210 1564 1430 1638 constricto-

234 1691 469 1766 arliculatum
498 1690 767 1764 decorticatum
791 1695 828 1764 et
847 1689 1040 1780 siccatum,
1071 1690 1228 1764 odorem
1245 1691 1429 1765 violarum

235 1839 418 1914 spargens
452 1807 613 1892 occurrit
643 1817 682 1890 in
715 1819 844 1892 frustis
872 1839 917 1891 ex
949 1817 1114 1891 aniculis
1134 1817 1303 1910 singulis,
1330 1818 1429 1891 binis

234 1946 410 2035 ternisve,
439 1944 560 2019 rarius
589 1945 759 2039 pluribus
787 1944 885 2018 inter
913 1966 955 2018 se
985 1944 1205 2036 coniunctis
1234 1946 1428 2039 usquead
1495 1947 1499 1951 ’

237 2073 481 2148 decimetrum
517 2074 652 2166 longis
698 2074 803 2146 3-4
837 2072 1057 2146 centimelra
1093 2071 1179 2146 latis
1229 2074 1429 2162 tuberosis

234 2202 456 2295 plerumque
489 2200 610 2273 ovatis
644 2205 710 2273 aut
742 2199 924 2287 ovalibuS,
954 2199 1157 2291 depressis,
1187 2200 1311 2274 rarius
1340 2201 1428 2274 sub-

115 2421 117 2426 ,
236 2327 456 2421 cylindn‘ciS,
499 2326 614 2401 latere
658 2325 851 2420 superiore
892 2327 1006 2419 paulo
1050 2347 1218 2399 convexo
1260 2328 1429 2421 vestigiis

233 2456 409 2529 foliorum
442 2453 610 2528 obsoleto
644 2453 844 2542 annulatis,
882 2453 998 2527 latere
1031 2453 1204 2528 inferiore
1242 2454 1428 2549 subplano

233 2582 423 2657 radicibus
455 2581 610 2654 resectis
644 2580 785 2654 minute
814 2579 1044 2670 cicatrisatiS,
1074 2579 1169 2654 albis
1198 2586 1264 2655 aut
1282 2582 1427 2672 albidis,

234 2711 471 2804 ponderosis
501 2709 617 2797 duriS,
642 2709 681 2781 in
705 2708 869 2781 fractura
892 2709 1040 2801 aequali
1061 2708 1278 2802 compactis

344 2836 465 2910 Sectio
494 2840 721 2924 transversa,
771 2835 906 2909 coloris
936 2835 1009 2909 albi
1041 2840 1107 2908 aut
1134 2835 1247 2909 albidi
1280 2837 1430 2911 exhibet

234 2970 380 3060 partem
409 2963 621 3038 corticalem
649 2964 741 3036 satis
771 2968 973 3057 angustam
1002 2972 1039 3038 et
1062 2968 1208 3057 partem
1227 2965 1429 3037 centralem

235 3092 506 3186 amplissimam
525 3090 711 3165 fasciculis
730 3112 911 3165 vasorum
944 3092 1099 3185 sparsis
1128 3113 1263 3167 versus
1290 3092 1428 3166 lineam

235 3216 514 3292 endodermidis
533 3215 819 3290 subtilissimam
838 3217 1123 3311 copiosioribus

344 3344 424 3439 Ope
443 3343 680 3439 microscopii
698 3343 916 3418 observabis
937 3344 976 3417 in
994 3345 1287 3437 perenchymate
1307 3343 1428 3417 rhizo-

235 3474 345 3546 matis
374 3494 394 3545 e
423 3471 565 3545 cellulis
594 3470 815 3544 membrana
834 3471 1097 3560 crassiuscula,
1123 3493 1255 3563 grosse
1274 3493 1427 3565 perosa,

235 3601 466 3676 scatentibus
480 3600 606 3693 granis
622 3599 733 3694 amyli
748 3599 990 3692 simplicibus,
1003 3601 1225 3694 plerumque
1242 3599 1428 3693 oblongis

234 3730 404 3804 ovalibus
424 3732 489 3802 aut
507 3727 689 3816 obovatis,
712 3728 870 3800 30-40
886 3727 1215 3802 micromillimetra
1233 3727 1367 3819 longis
1386 3727 1426 3799 in

233 3878 312 3931 una
322 3855 552 3930 extremitate
566 3876 680 3948 saepe
691 3855 872 3927 truncatis
880 3859 916 3926 et
929 3855 1024 3927 rima
1034 3854 1243 3928 excentrica
1253 3853 1425 3947 forcipiti·

233 3984 344 4058 sormi
362 3983 512 4073 notatis
553 4002 779 4075 numerosas
808 3983 1005 4074 crystallos
1034 3982 1167 4074 longas
1189 3981 1427 4076 prismaticas

235 4110 339 4184 calcii
362 4109 494 4184 oxalici
517 4109 556 4182 in
579 4109 759 4198 utriculis
784 4108 1006 4182 membrana
1024 4108 1225 4182 tenerrima
1249 4107 1428 4181 suberina

235 4237 438 4312 instructis

348 4366 423 4438 100
441 4368 568 4457 partes
598 4363 733 4436 mercis
760 4385 809 4437 ne
837 4365 922 4457 plus
953 4386 1067 4457 quam
1095 4371 1222 4457 partes
1244 4365 1267 4437 3
1294 4363 1428 4437 cineris

236 4493 458 4586 relinquant
