3725 5400
863 552 1106 626 -364-

494 769 642 859 Quodsi
662 771 885 844 centimetra
903 769 1036 843 cubica
1059 771 1108 843 10
1127 769 1326 844 solutionis
1347 791 1367 843 e
1401 770 1579 863 grammis

388 900 436 972 10
457 897 603 991 Syrupi,
645 899 770 973 dilutis
805 920 906 991 aqua
930 898 979 971 ad
999 898 1219 972 centimetra
1246 897 1379 972 cubica
1408 900 1459 972 50
1493 920 1580 972 curn

383 1026 574 1099 nonnullis
594 1026 707 1119 guttis
727 1026 825 1100 acidi
856 1026 977 1100 nitrioi
1010 1031 1046 1099 et
1079 1025 1306 1100 centimetris
1340 1025 1480 1100 cubicis
1515 1026 1580 1099 04

383 1152 582 1229 solutionis
631 1154 895 1228 decinormalis
943 1153 1087 1247 argenti
1123 1152 1245 1227 uitrici
1283 1153 1578 1244 commiscueriS,

383 1281 593 1355 nusoellam
629 1286 710 1354 tum
758 1281 896 1376 optime
936 1280 1252 1379 conquassaveris
1294 1286 1331 1355 et
1371 1280 1581 1373 filtraveris,

244 1495 261 1522 x
383 1409 562 1483 filtratum
595 1408 795 1484 obtentum
827 1431 875 1483 ne
908 1408 1036 1482 addita
1068 1409 1194 1482 denuo
1227 1409 1415 1483 solutione
1434 1410 1579 1502 argenti

382 1535 513 1627 uitrici,
544 1557 673 1630 neque
698 1536 844 1610 adiecto
873 1536 1018 1631 Syrupo
1037 1535 1140 1610 Ferri
1166 1521 1297 1683 iodatf
1326 1536 1399 1611 nisi
1432 1538 1578 1631 opales·

383 1668 513 1738 center
531 1663 715 1738 turbetur.

387 2111 390 2116 Ι
442 1948 821 2089 Summus
858 1884 1515 2088 Ibeoaormnlme.

381 2131 456 2228 Rp:
489 2136 668 2208 l’lnoturae
687 2137 939 2227 lpeoaonanbae
1318 2142 1443 2232 portes
1529 2138 1578 2209 10

492 2241 797 2354 Syrnpieimpllols
1305 2270 1430 2360 portes
1513 2263 1577 2339 90.

444 2387 570 2461 Misce.

490 2513 545 2590 Sit
564 2515 699 2624 eoloris
720 2536 741 2590 e
759 2516 869 2590 fusco
889 2516 1025 2628 tlavidi.

709 2838 950 3012 Syrupns
987 2841 1252 2977 liertiae.

379 3058 458 3153 Rp:
477 3063 636 3135 Saoobari
655 3061 695 3135 in
713 3062 866 3155 pulvere
1315 3069 1439 3161 portos
1516 3065 1576 3139 15.

450 3187 560 3262 Solve
580 3193 836 3282 temperatura
855 3188 1046 3263 ordinaria
1062 3190 1102 3263 in

380 3346 384 3353 ·
490 3319 602 3407 Aquae
621 3317 776 3389 llentbae
796 3318 963 3409 piperitao
1262 3314 1430 3414 partitus
1518 3320 1576 3393 10.

446 3442 570 3515 Filtra
985 3462 989 3469 ’

490 3568 544 3642 Sit
564 3569 699 3643 coloris
720 3590 866 3664 expers

697 3855 938 4028 Syrnpns
975 3846 1257 3994 Mororum.

375 4076 456 4170 Rp:
485 4079 667 4151 hrenum
685 4080 768 4151 llori
785 4081 905 4169 nigrae
925 4082 1160 4153 maturorum
1177 4080 1384 4154 recentium

1317 4215 1439 4304 portes
1457 4211 1573 4286 1000.

443 4329 487 4404 ln
505 4331 651 4425 pultem
668 4332 832 4407 redactis
852 4333 950 4408 adde

487 4457 645 4532 Saoobarl
1301 4469 1424 4560 portes
1508 4465 1573 4540 50.
1731 4446 1735 4453 ’

409 4687 413 4693 ¹
445 4585 562 4676 Stant,
599 4586 753 4679 saepius
806 4587 984 4680 agitando
1013 4594 1267 4683 temperatura
1298 4593 1444 4667 circiter
1480 4594 1574 4687 000,

375 4711 496 4786 donee
511 4710 748 4786 fermentatio
762 4712 898 4787 vinosa
915 4719 1071 4807 peracta
1080 4716 1128 4790 sit
1139 4722 1176 4791 et
1188 4717 1381 4793 volumina
1396 4719 1419 4793 2
1434 4722 1575 4814 probae
