3725 5400
709 494 945 566 -193-

342 714 418 787 100
436 716 564 806 partes
583 711 781 786 Guaranae
795 733 843 784 ne
863 712 949 805 plus
969 732 1085 804 quam
1103 716 1229 806 partes
1251 713 1424 787 3cine1is

230 842 305 915 albi
323 841 545 933 relinquant.

337 968 483 1059 Quodsi
519 965 725 1061 pauxillum
757 966 922 1059 pulveris
953 965 1152 1041 Guaranae
1185 968 1224 1041 in
1256 969 1424 1062 patinula

229 1097 355 1185 vitrea,
376 1098 525 1170 obtecta
552 1094 679 1167 tabula
708 1093 826 1167 vitrea
844 1099 952 1168 caute
972 1095 1196 1185 calefeceris,
1216 1096 1256 1170 in
1274 1098 1424 1172 tabulae

229 1226 344 1298 latere
366 1223 539 1297 inferiore
569 1221 808 1295 sublimando
835 1220 1045 1296 efficiantur
1062 1222 1238 1318 copiosae
1263 1224 1427 1318 crystalli

231 1351 377 1424 coffet'ni
413 1370 551 1444 parvae
593 1348 830 1442 prismaticae
868 1354 934 1423 aut
976 1350 1192 1440 aciculares,
1236 1372 1350 1445 saepe
1388 1353 1426 1426 in

230 1477 360 1570 tigmis
379 1476 563 1571 plumosis
583 1475 784 1548 confertae.

339 1603 469 1678 Partes
512 1605 587 1677 100
625 1603 789 1697 pulveris
827 1602 1025 1676 Guaranae
1061 1624 1110 1675 ne
1147 1603 1273 1678 minus
1311 1627 1427 1698 quam

130 1766 140 1783 ·
232 1736 358 1825 partes
373 1737 535 1825 quatuor
549 1732 603 1824 (4)
618 1730 765 1805 coffc'tni
778 1731 993 1824 praebeant,
1016 1730 1118 1822 quod
1136 1731 1269 1805 eadem
1282 1732 1427 1807 ratione

233 1859 470 1947 determines,
493 1865 536 1932 ut
563 1858 665 1951 apud
693 1857 782 1931 solia
800 1856 927 1929 Theae
955 1856 1240 1951 praescriptum.
1271 1859 1427 1934 Pondus

233 1985 374 2060 residui
398 1986 599 2079 crystallini
622 1985 671 2059 sit
692 1985 844 2059 minime
868 1983 1202 2075 deoigrammatum
1227 1986 1250 2058 0
1275 2008 1429 2083 respon·

233 2115 328 2187 dens
346 2114 516 2207 partibus
534 2111 748 2187 centesimis
767 2112 805 2185 4.

589 2290 795 2426 Gummi
823 2290 1073 2461 Accolae.

342 2494 475 2567 Acaeia
496 2492 646 2591 Senepol
663 2492 924 2567 Willdenow
939 2498 976 2567 et
990 2493 1084 2567 aliae
1099 2494 1249 2568 Acocioe
1268 2496 1427 2590 specieS,

235 2623 274 2696 in
292 2622 401 2696 terris
421 2622 469 2695 ad
487 2620 612 2696 Nilum
631 2621 864 2716 superiorem
884 2621 964 2694 sitis
983 2627 1194 2695 nascentes,

344 2749 514 2824 Occurrit
531 2749 569 2822 in
588 2749 717 2823 frustis
736 2749 822 2843 plus
836 2749 1009 2824 minusve
1025 2750 1191 2842 globosis
1209 2751 1334 2824 variae
1349 2774 1428 2826 ma·

236 2876 450 2969 gnitudiniS,
490 2876 606 2966 duriS,
640 2876 832 2968 fragilibus
860 2876 1155 2969 friabilibusque,
1188 2878 1430 2968 incoloribus,

235 3003 396 3098 limpidis
430 3003 627 3098 diaphanis
660 3008 726 3076 aut
758 3002 903 3092 albidis,
932 3025 1011 3076 non
1043 3004 1248 3097 pellucidis
1286 3005 1431 3079 rimulis

234 3131 570 3206 innumerabilibus
589 3131 763 3220 traiectis,
785 3135 1014 3226 quapropter
1035 3131 1141 3205 facile
1162 3131 1430 3207 dissilientibus

235 3261 275 3333 in
292 3259 454 3334 frustula
470 3259 683 3352 inaequalia
701 3260 938 3351 acutangula,
958 3259 998 3331 in
1016 3259 1181 3332 fractura
1200 3260 1432 3334 conchoidea

235 3387 352 3461 vitreo
371 3387 537 3477 nitentia,
558 3409 636 3460 non
655 3408 741 3460 raro
760 3385 1008 3459 iridescentia.

345 3513 412 3588 Est
440 3512 590 3587 Gummi
617 3512 831 3601 inodorum,
862 3512 1010 3605 saporis
1038 3511 1131 3585 fatui
1162 3513 1432 3605 mucilaginosa

238 3640 333 3714 Cum
351 3641 519 3734 pondere
535 3639 682 3733 duplice
702 3661 823 3734 aquae
838 3640 950 3729 lente,
967 3639 1036 3713 sed
1056 3661 1103 3712 ex
1115 3643 1195 3712 toto
1211 3639 1368 3714 solvitur
1383 3639 1431 3714 ad

236 3767 498 3861 mucilaginem
545 3768 789 3842 adhaesivam
840 3767 1180 3841 subilavescentem
1231 3767 1431 3842 reactionis

238 3896 379 3987 acidae,
396 3917 493 3990 quae
512 3897 667 3990 plumbo
687 3895 839 3985 acetico,
859 3895 899 3968 in
919 3894 1051 3989 quavis
1070 3894 1311 3988 proportione
1332 3915 1433 3968 com·

238 4023 353 4098 mixto
371 4045 450 4096 non
469 4024 649 4113 turbatur,
675 4022 743 4096 sed
763 4022 895 4116 spiritu
911 4021 988 4095 vini
1001 4021 1264 4116 praecipitatur
1278 4026 1316 4095 et
1333 4021 1434 4096 solu·

237 4149 339 4223 tione
357 4150 445 4225 feni
463 4149 749 4243 sesquichlorati
768 4148 816 4224 ad
831 4149 1032 4241 gelatinam
1050 4148 1207 4241 rigidam
1217 4148 1434 4224 concrescit

238 4276 283 4351 ln·
300 4277 486 4351 solutione
506 4298 526 4351 e
545 4282 650 4371 parte
674 4277 691 4350 1
716 4276 867 4351 Gummi
885 4297 973 4350 cum
997 4275 1167 4369 partibus
1189 4274 1293 4348 5000
1312 4296 1434 4368 aquae

239 4405 437 4499 plumbum
456 4403 638 4478 aceticum
656 4404 827 4478 basicum
841 4404 1008 4477 solutum
1022 4402 1273 4476 sedimentum
1288 4400 1434 4477 efficiat.

354 4533 429 4607 100
439 4535 566 4625 partes
584 4552 633 4605 ne
652 4531 865 4624 relinquant
882 4531 969 4625 plus
989 4550 1104 4623 quam
1122 4533 1248 4623 partes
1264 4529 1287 4602 3
1301 4527 1435 4602 cineris

241 4659 433 4733 albissimi.

295 4795 489 4852 Pharmaeopoea.
1185 4794 1218 4847 13
