3725 5400
946 475 1134 548 ..2-

550 698 810 790 Decigramma
829 693 1049 769 Acetanilidi
1069 694 1310 768 combustum
1328 693 1522 768 residuum
1539 716 1633 788 pon·

446 823 608 900 derebile
626 845 676 898 ne
694 822 890 916 relinquat

613 1145 1470 1285 Acemloeneudtmum.

875 1408 1209 1490 Phenacetinum.

550 1621 721 1716 crystalli
748 1623 965 1698 lamellosue
992 1622 1201 1713 decolores
1229 1624 1407 1714 nitentes
1436 1625 1564 1700 odoris
1598 1630 1635 1700 et

441 1751 587 1846 saporis
643 1756 827 1845 expertes²
886 1750 1088 1825 reectionis
1143 1750 1325 1839 neutrius
1380 1755 1634 1846 temperatura

444 1878 543 1973 135?
574 1878 837 1972 liquescentes
867 1877 1074 1952 Solvuntur
1100 1878 1141 1952 in
1167 1877 1337 1972 partibus
1361 1878 1506 1953 circiter
1529 1879 1632 1954 1500

440 2027 561 2100 aquae
589 2004 754 2098 frigidae,
782 2006 821 2079 in
849 2005 1020 2099 pertibus
1053 2007 1212 2093 70-80
1242 2026 1363 2101 aquae
1392 1988 1565 2097 semidae,
1593 2009 1633 2082 in

437 2134 609 2229 partibus
633 2134 681 2207 16
701 2132 855 2226 spiritus
873 2133 962 2207 vini.

440 2269 447 2283 ‘
544 2260 870 2356 Acetphenetidini
885 2261 1138 2352 decigramma
1151 2260 1184 2350 1,
1198 2260 1239 2334 in
1254 2260 1478 2335 centimetris
1489 2261 1631 2335 cubicis

438 2384 533 2464 ccidi
560 2389 835 2482 hydrochlorici
865 2388 1143 2463 concontratil
1172 2409 1241 2481 per
1267 2389 1455 2461 minutum
1484 2391 1632 2477 coctum

437 2517 622 2609 liquorem
658 2516 848 2610 praebeat,
888 2515 952 2608 qui
990 2515 1217 2589 centimetris
1251 2515 1390 2589 cubicis
1426 2496 1486 2588 10
1509 2536 1631 2608 aquae

441 2644 580 2719 dilutus
600 2649 637 2718 et
655 2643 829 2734 filtratus
852 2642 987 2717 additis
1006 2643 1120 2735 guttis
1147 2643 1170 2717 3
1192 2642 1388 2717 solutionis
1409 2642 1504 2716 acidi
1524 2642 1630 2716 chro-

440 2746 526 2846 111111
546 2771 755 2868 (3:100)
776 2774 940 2844 colorem
958 2771 1115 2845 rubrum
1135 2771 1268 2858 induit.

546 2896 1632 2992 Soluti0,parataedecigrammatetAcetphenetidinicum

437 3026 662 3116 centimetris
678 3025 818 3099 cubicis
833 3026 881 3099 10
892 3047 1015 3120 aquae
1033 3025 1198 3110 fervidae
1211 3025 1429 3117 refrigerata
1443 3029 1480 3100 et
1491 3024 1629 3098 filtrata

436 3145 564 3226 eddito
587 3153 721 3260 bromo
739 3154 778 3226 in
799 3175 900 3247 aqua
918 3153 1045 3227 soluto
1063 3173 1111 3225 ne
1131 3152 1239 3226 valde
1258 3152 1438 3227 turbetur.

437 3358 441 3366 ,
477 3357 480 3364 ,
542 3279 916 3372 Acetpbenetidinum
952 3281 992 3353 in
1028 3279 1135 3354 acido
1173 3279 1350 3353 sulfurico
1388 3284 1627 3354 concontrato

433 3383 599 3480 solutum
616 3406 802 3500 liquorem
821 3406 955 3482 coloris
974 3412 1164 3502 expertem
1181 3385 1369 3500 praebeat

538 3531 698 3625 Ignitum
717 3554 763 3605 ex
780 3533 925 3626 integro
945 3535 1151 3624 comburat.

630 4017 634 4024 ⁴
753 4015 757 4018 ,
812 3993 815 3998 ,
904 3860 1146 3995 Acetum

537 4134 676 4227 Liquor
715 4135 901 4228 limpidus,
945 4137 1078 4209 coloris
1120 4137 1197 4210 fere
1239 4157 1382 4229 expers
1426 4136 1551 4209 odoris
1590 4142 1626 4209 et

430 4261 576 4354 saporis
596 4247 691 4335 scidi
709 4263 920 4353 peculiaris.
982 4249 984 4254 ’

536 4387 664 4462 Natrio
697 4389 984 4482 hydrooxydato
1022 4393 1144 4465 soluto
1184 4392 1451 4466 neutralisatus
1489 4390 1626 4465 additis

429 4515 621 4589 nonnullis
650 4516 762 4609 guttis
794 4516 881 4590 ferri
910 4518 1198 4611 sesquichlorati
1228 4519 1340 4592 soluti
1373 4519 1536 4592 colorem
1568 4518 1623 4592 in·

430 4648 536 4717 tense
553 4642 710 4717 rubrum
730 4643 874 4738 accipit.
