3725 5400
715 514 927 587 49-

535 727 735 865 Arilus
771 729 1104 898 Myristicae.

757 971 898 1055 Masis.

335 1168 523 1266 Myristica
549 1168 729 1266 fragrans
764 1168 1006 1263 Houttuyn,
1053 1168 1167 1243 arbor
1211 1169 1252 1243 in
1287 1169 1421 1244 insulis

225 1295 417 1370 Molluccis
436 1295 622 1389 indigena,
642 1295 808 1370 interris
827 1295 979 1390 tropicis
999 1297 1108 1371 culta

335 1418 477 1498 Arillus
492 1443 623 1498 semen
634 1423 839 1514 obducens,
851 1423 1018 1498 tunicam
1028 1423 1211 1499 exhibens
1222 1446 1423 1499 ramosam

227 1550 485 1643 sanguineam,
514 1550 598 1624 basi
629 1551 894 1644 campanulata
930 1549 1007 1623 hilo
1046 1551 1234 1641 adnatant
1267 1573 1422 1627 sursum

226 1677 477 1772 irregulariter
494 1677 717 1752 multifidam
735 1677 877 1752 laciniis
893 1676 942 1750 ad
961 1678 1106 1770 apicem
1125 1679 1423 1755 conniventibus,

338 1805 499 1880 Obvenit
530 1804 571 1879 in
602 1810 817 1880 mercatura
854 1804 1019 1880 siccatus
1053 1810 1119 1880 aut
1149 1805 1295 1900 integer
1319 1827 1420 1881 com-

228 1953 386 2026 pressus
424 1938 489 2006 aut
528 1932 568 2006 in
604 1932 822 2024 fragmentis
860 1931 996 2006 coloris
1029 1933 1184 2006 eiusce
1204 1932 1421 2025 amantias,

229 2059 433 2152 fragilibus
461 2064 565 2134 tactu
591 2059 804 2153 pinguibus
824 2059 1011 2154 pinguiter
1043 2059 1260 2150 nitentibus,
1294 2061 1422 2136 odoris

230 2192 333 2279 grate
353 2186 553 2278 aromatici,
574 2186 722 2280 saporis
741 2187 880 2261 fervide
900 2186 1195 2261 condimentarii.

339 2314 419 2410 Ope
439 2314 674 2408 microscopii
706 2316 899 2409 explorata
926 2336 1033 2389 merx
1051 2315 1149 2389 sistit
1167 2316 1422 2409 perenchyma

96 2452 105 2461 '
232 2444 419 2517 obtectum
438 2443 668 2535 epidermide
688 2464 708 2516 e
729 2441 871 2516 cellulis
893 2442 1076 2533 elongatis
1095 2442 1424 2519 suhmsiformtbus

233 2576 271 2643 et
288 2570 484 2644 traiectum
502 2569 689 2643 fasciculis
705 2590 884 2643 vasorum
904 2568 1058 2662 exiguis.
1076 2568 1119 2642 In
1133 2571 1424 2666 parenohymate

235 2722 254 2774 e
294 2700 435 2776 cellulis
478 2699 646 2774 obsoleta
699 2697 899 2793 polyedn’S,
944 2699 1111 2792 granrrlis
1166 2699 1424 2796 polymorphis

231 2826 351 2918 foetis,
373 2848 470 2920 quae
489 2826 676 2900 solutione
703 2826 780 2899 iodi
808 2826 972 2900 colorem
1000 2825 1152 2899 sordide
1171 2827 1425 2902 rubicundum

232 2959 443 3043 assumunt,
479 2952 721 3028 inveniuntur
756 2952 906 3027 utriculi
946 2952 1142 3027 numerosi
1174 2954 1423 3046 sphaeroidei,

234 3082 316 3155 oleo
337 3080 513 3154 aethereo
531 3079 673 3174 repleti.

345 3209 421 3282 100
453 3213 580 3302 partes
627 3207 762 3281 mercis
804 3228 853 3280 ne
890 3207 977 3299 plus
1024 3228 1139 3299 quam
1185 3212 1312 3300 partes
1360 3207 1424 3282 tt

233 3334 367 3409 cineris
385 3334 606 3428 relinquant

306 3678 803 3814 Arroprmem
838 3677 1364 3816 anthericum

342 3918 491 3992 Massae
511 3918 617 3991 albae
637 3915 872 4009 crystallinae
900 3937 948 3991 ex
969 3915 1151 4010 Atropino
1184 3938 1280 4011 puro
1312 3916 1428 4009 lique·

234 4049 362 4120 scente
386 4046 523 4119 1156Ο
546 4049 709 4138 paratae
1512 4120 1516 4130 ,

343 4173 573 4266 Liquescunt
592 4173 716 4246 calore
741 4167 982 4260 18003'facile
996 4170 1036 4244 in
1054 4191 1167 4263 aqua
1187 4170 1323 4265 spiritu
1339 4171 1427 4262 vini,

236 4323 314 4375 non
332 4300 372 4374 in
391 4301 542 4374 aethere
562 4304 601 4374 et
617 4299 883 4374 chloroformio
903 4300 1094 4373 solubiles

346 4427 488 4502 Solutio
517 4447 674 4521 aquosa,
711 4426 911 4501 reactionis
938 4426 1121 4516 neutrius,
1153 4425 1287 4499 millies
1305 4424 1430 4500 adhuc

237 4557 354 4630 diluta
376 4554 523 4648 saporis
551 4552 670 4627 amari
693 4574 878 4627 nauseam
905 4551 1104 4643 moventis,
1133 4552 1316 4646 pupillam
1339 4551 1429 4626 dila·

234 4689 299 4757 tet.
334 4682 476 4757 Solutio
499 4681 605 4774 baryi
637 4680 758 4753 nitrici
788 4680 829 4754 in
861 4679 1049 4754 solutione
1082 4698 1229 4771 aquosa
1260 4678 1430 4770 ntropini

343 4819 538 4874 Phfflcopoot.
1196 4817 1215 4870 4
