3725 5400
947 364 1189 438 -356-

911 579 1227 715 Slearinum.

578 801 706 875 Massa
724 801 810 874 alba
834 822 880 875 ex
903 802 1011 876 acido
1035 803 1233 876 stearinico
1259 809 1296 877 et
1314 802 1541 896 palmitinico
1562 826 1662 878 com·

468 930 603 1022 posita.
644 933 746 1002 tactu
783 928 946 1024 pinguis,
984 934 1236 1025 temperatura
1273 931 1483 1005 550-630
1524 931 1663 1025 liques-

470 1078 574 1145 cens
604 1058 642 1129 in
672 1058 822 1130 aethere
851 1078 1027 1130 necnon
1053 1057 1094 1131 in
1121 1058 1253 1151 spiritu
1280 1058 1357 1131 vini
1384 1059 1526 1132 fervido
1550 1060 1662 1152 plane

469 1183 648 1258 solubilis.

579 1311 757 1385 Gramma
786 1312 946 1385 Stearini
974 1334 1060 1386 cum
1096 1320 1303 1401 mammete
1332 1313 1440 1385 natrii
1473 1312 1661 1387 carbonici

468 1446 505 1512 et
537 1440 714 1531 grammis
753 1441 801 1512 10
835 1461 956 1532 aquae
989 1440 1037 1513 ad
1068 1441 1142 1513 700
1175 1440 1398 1514 calefactum
1435 1440 1662 1513 solutionem

466 1566 654 1660 praebeat,
677 1589 773 1661 quae
789 1568 923 1641 additis
939 1568 1117 1661 grammis
1132 1568 1238 1642 4-5
1250 1568 1401 1662 spiritus
1415 1567 1491 1640 vini
1509 1567 1662 1660 limpida

468 1695 592 1769 evadit
616 1701 652 1768 et
673 1700 762 1790 post
785 1695 1102 1789 refrigerationem
1120 1696 1158 1767 in
1178 1695 1377 1788 gelatinam
1396 1695 1538 1767 transit

576 1822 788 1896 Stearinum
807 1823 966 1916 ignitum
985 1823 1066 1897 sine
1085 1823 1237 1897 residuo
1259 1823 1465 1896 comburat.

489 2056 826 2170 &comm
861 2054 1659 2170 liutto-rammam

576 2224 747 2317 crystalli
783 2224 1026 2298 teneamicae
1055 2224 1175 2312 albae,
1208 2231 1294 2297 aare
1321 2224 1549 2312 fatiscentes
1579 2223 1658 2298 sive

465 2352 590 2447 pulvis
610 2352 840 2438 albissimus
866 2350 1013 2445 saporis
1032 2350 1195 2445 primum
1215 2350 1347 2438 dulcis
1374 2350 1461 2423 dein
1479 2350 1656 2424 irritantis

465 2479 650 2568 metallici,
671 2479 709 2552 in
724 2479 891 2572 partibus
907 2478 1051 2551 circiter
1069 2479 1114 2550 17
1133 2499 1253 2570 aquae
1272 2477 1437 2569 frigidae,
1456 2479 1478 2550 3
1495 2477 1656 2551 fervidae

466 2605 645 2679 solubilia

574 2735 718 2808 Solulio
738 2756 894 2828 aquosa,
911 2734 1110 2808 reaclionis
1125 2733 1256 2807 leniter
1270 2734 1398 2808 acidae
1414 2735 1541 2809 addita
1559 2756 1658 2826 aqua

465 2863 578 2935 calcis
598 2863 850 2936 sedimentum
869 2861 1025 2954 praebet
1043 2862 1170 2935 album
1193 2861 1232 2934 in
1256 2862 1364 2936 acido
1389 2864 1530 2937 acetico
1549 2861 1657 2935 facile

464 2990 634 3078 solubile,
656 2989 763 3062 acido
782 2987 1070 3078 hydrocblorico
1091 2988 1276 3061 acidulata
1300 3011 1400 3082 aqua
1418 2988 1657 3080 hydrosulfu-

464 3124 548 3189 rata
576 3116 702 3189 addita
733 3116 1017 3209 praecipitatum
1045 3115 1314 3204 aurantiacum‚
1351 3115 1541 3189 ammonio
1576 3137 1655 3189 car·

465 3244 606 3317 bonico
627 3243 823 3317 insolubile
845 3243 1013 3317 demittit.

573 3372 738 3444 Miscella
761 3392 781 3442 e
807 3376 1013 3463 grammate
1038 3370 1141 3443 Stibii
1165 3370 1450 3444 Rullo-tartarici
1473 3370 1657 3464 pulverati

462 3506 499 3572 et
524 3498 749 3572 centimetn‘s
780 3498 919 3572 cubicis
951 3499 973 3569 3
1003 3497 1199 3570 solutionis
1229 3498 1357 3571 stanni
1381 3497 1537 3571 chlorati
1559 3498 1657 3571 intra

462 3626 597 3699 boram
616 3648 663 3698 ne
683 3626 880 3698 luscescat

616 3820 957 3935 stibium
991 3822 1498 3961 cameratum

759 3984 1360 4097 marcennacum.

569 4153 696 4225 Pulvis
730 4152 998 4225 subtilissimus
1031 4152 1412 4244 rubro·auranliaeuS‚
1446 4154 1554 4229 valde
1590 4156 1651 4228 de·

459 4281 630 4373 pingens
682 4282 809 4354 odoris
857 4303 1002 4374 expers,
1051 4281 1245 4373 insipidus
1294 4281 1332 4353 in
1371 4282 1478 4356 acido
1517 4283 1654 4376 hydro-

461 4407 624 4480 clrlorico
646 4409 786 4481 sullme
808 4408 995 4496 derelicto,
1016 4408 1054 4479 in
1074 4407 1193 4479 natrio
1218 4408 1502 4500 hydrooxydato
1527 4411 1652 4483 soluto

460 4535 538 4606 sere
559 4556 604 4607 ex
624 4538 702 4606 toto
724 4535 903 4607 solubilis
