3725 5400
755 504 968 576 ..47-

372 720 416 795 ln
457 720 584 816 patina
628 719 805 794 calefacta
841 720 1011 794 merone
1058 720 1241 815 depurata
1274 723 1456 816 liquescit,

265 868 425 941 vapores
440 847 560 921 flavos
576 846 717 937 emittit,
736 852 817 922 turn
831 848 987 940 paulum
1006 849 1251 939 carbonescit,
1266 855 1457 943 postremo

267 975 456 1071 deilegrnt.
1075 1002 1077 1005 ’

571 1336 869 1510 Argentum
895 1336 1151 1473 foliatum.

374 1593 560 1668 Lemellee
585 1598 719 1668 tenues
744 1594 955 1687 splendoris
979 1616 1072 1689 pure
1093 1596 1267 1687 argentei,
1298 1616 1397 1689 quae
1421 1596 1460 1669 in

268 1721 375 1797 acido
394 1722 526 1797 nitrico
545 1721 585 1796 in
603 1722 788 1814 liquorem
807 1721 1002 1815 limpidum
1022 1723 1234 1796 decolorem
1253 1722 1460 1797 solvuntur.

374 1848 418 1923 ln
431 1849 502 1922 hac
517 1849 703 1923 solutione
714 1848 863 1923 acidum
872 1848 1200 1940 hydrochlonicum
1210 1849 1461 1923 sedimentum

268 1976 395 2050 album
406 1997 605 2050 caseosum
615 1976 797 2067 producit,
816 1976 918 2069 quod
933 1976 972 2049 in
987 1976 1093 2049 acido
1108 1976 1240 2048 uitrico
1250 1975 1459 2063 insolubile,

268 2103 308 2178 in
327 2104 517 2178 ammonia
534 2104 641 2178 facile
661 2107 698 2177 et
718 2104 869 2179 decolor
889 2103 1055 2178 solvitur.

422 2503 880 2641 Araocelum
915 2496 1317 2638 ordericum

524 2659 1208 2799 consecraneorum.

380 2884 549 2976 Crystalli
567 2883 859 2957 tabulaeformes
878 2883 1097 2976 pellucidae,
1131 2884 1337 2970 decolores
1361 2881 1463 2955 iacil-

271 3012 357 3085 lime
376 3011 416 3085 in
435 3033 543 3105 aqua,
564 3010 749 3083 difficilius
768 3010 808 3083 in
828 3010 960 3102 spiritu
978 3010 1054 3085 vini
1074 3011 1263 3083 solubiles

380 3138 521 3212 Solutio
538 3158 694 3230 aquosa,
709 3137 908 3210 reactionis
924 3137 1105 3229 neutrius,
1121 3138 1228 3211 acido
1242 3135 1464 3230 hydrochlo·

271 3266 348 3339 rico
368 3264 485 3338 mixta
505 3253 637 3340 emittit
651 3257 904 3338 sedimentum
913 3264 1111 3358 copiosum
1121 3266 1259 3353 album,
1271 3265 1374 3357 quod
1389 3285 1465 3336 am·

273 3392 399 3466 monia
417 3391 634 3464 abundante
654 3391 760 3465 facile
785 3391 874 3465 sine·
892 3392 968 3466 ullo
989 3392 1112 3465 colore
1127 3391 1278 3484 limpide
1299 3391 1464 3464 solvitur.

381 3519 524 3594 Solutio
551 3540 696 3612 aquosa
714 3520 748 3610 (1
771 3519 903 3615 =10)
933 3540 1020 3591 cum
1045 3519 1256 3611 quadruplo
1275 3519 1464 3592 volumine

274 3645 368 3719 acidi
388 3646 554 3721 suliurici
579 3647 683 3720 diluti
715 3646 830 3719 mixta
863 3650 899 3719 et
928 3647 976 3719 ad
1006 3645 1259 3719 ebullitionem
1288 3645 1465 3718 calefacta

273 3794 321 3848 ne
359 3777 533 3862 mutetur,
572 3794 695 3865 neque
728 3771 846 3867 baryo
884 3771 1015 3845 nitrico
1058 3773 1144 3866 plus
1188 3793 1303 3865 quarn
1345 3773 1466 3864 opale-

276 3903 424 3974 scenter
459 3900 649 3989 turbetur;
688 3899 795 3973 acido
832 3899 1118 3993 hydrochlorico
1155 3898 1395 3992 praecipitata
1432 3906 1468 3970 et
1577 3885 1579 3887 ’

273 4026 410 4101 filtrata
422 4026 608 4119 liquorem
622 4027 810 4120 praebeat,
826 4026 934 4101 cuius
949 4047 1038 4120 pars
1054 4026 1171 4099 altera
1189 4046 1258 4099 nec
1278 4025 1478 4134 ammonia·

274 4154 502 4243 abundante,
518 4175 587 4227 nec
607 4175 707 4247 aqua
725 4153 1031 4246 hydrosuliurcta
1050 4153 1177 4226 addite
1196 4153 1384 4225 coloretur
1402 4153 1467 4224 a'ut

274 4280 455 4371 turbetm,
494 4301 583 4375 pars
622 4282 738 4355 altera
775 4280 829 4354 ad·
854 4279 1005 4354 'siccum
1042 4283 1250 4372 evaporata¹
1271 4278 1467 4352 residuum

277 4407 421 4482 nullum
439 4408 637 4502 relinquat.

384 4533 561 4610 Servetur
588 4557 612 4608 a
638 4536 721 4610 luce
740 4537 938 4610 remotum.
967 4534 1179 4608 Solutiones
1204 4532 1470 4626 dispensentur

275 4661 315 4736 in
332 4662 476 4754 lagenis
493 4662 567 4736 luci
585 4661 788 4755 imperviis.
