3725 5400
716 491 960 566 -275-

240 713 418 788 involutis
461 718 498 788 et
538 711 719 786 fructibus
757 708 926 784 Rumicis
975 706 1115 804 speciei
1155 725 1434 799 nonnunquam

242 840 467 935 conspersis.

350 968 537 1042 Recentes
557 970 647 1040 sunt
664 964 869 1054 molliores
907 962 1011 1037 intus
1040 961 1232 1051 humidae,
1249 963 1433 1047 tenaces,

242 1094 467 1188 glutinosae,
489 1092 699 1168 exsiccatae
715 1092 841 1182 durae,
856 1091 895 1165 in
908 1091 1073 1167 fractura
1086 1088 1286 1182 granulata
1299 1086 1435 1161 coloris

243 1222 388 1298 erubro
397 1220 638 1312 irraciodoris
647 1219 787 1315 proprii
796 1217 986 1308 narcotici,
997 1217 1145 1311 saporis
1156 1215 1275 1288 amari
1284 1219 1322 1288 et
1330 1213 1437 1287 acris

348 1348 476 1424 Pulvis
497 1348 589 1443 Opii,
611 1370 631 1422 e
650 1347 749 1421 flavo
770 1347 831 1421 vel
850 1368 871 1420 e
888 1345 1004 1420 rubro
1024 1346 1168 1435 firscuS,
1189 1340 1436 1434 microscopio

243 1478 457 1572 exploratus
482 1498 530 1550 ue
556 1474 731 1550 exhibeat
752 1495 871 1568 grana
889 1472 1002 1567 amyli
1026 1492 1121 1548 neve
1143 1470 1344 1565 particulas
1374 1468 1437 1542 ali·

243 1605 350 1680 cuius
363 1605 461 1679 telae
475 1602 708 1697 vegetabilis
725 1600 892 1696 exceptis
911 1599 1042 1695 paucis
1060 1597 1280 1693 fragmentis
1296 1595 1438 1692 epider·

243 1730 354 1805 midis
402 1730 594 1806 exterioris
642 1730 787 1805 finctus
824 1728 885 1803 vel
921 1727 1086 1821 vestigiis
1123 1726 1201 1802 folii
1236 1721 1438 1819 Papaveris
1547 1748 1548 1751 ¹

242 1857 446 1933 somniferi.

273 2051 275 2055 .
357 1987 433 2060 100
451 1990 578 2080 partes
593 1984 812 2059 combustae
827 2005 875 2058 ne
890 1984 976 2078 plus
993 2005 1107 2078 quam
1120 1988 1247 2078 partes
1264 1984 1287 2056 6
1305 1980 1439 2055 cineris

243 2112 467 2206 relinquant.
498 2112 643 2186 Eadem
662 2111 853 2205 quantitas
882 2132 931 2185 ne
951 2111 1076 2185 minus
1106 2132 1220 2205 quarn
1239 2113 1366 2203 partes
1386 2107 1439 2180 40

245 2240 401 2314 extracti
418 2239 609 2333 praebeat.

353 2365 449 2443 Usui
466 2365 768 2461 pharmaceutico
785 2367 932 2461 Opium,
954 2367 1043 2441 folio
1057 2366 1260 2462 Papaveris
1280 2387 1356 2460 quo
1377 2363 1440 2439 ob·

243 2500 387 2569 tectum
408 2498 566 2584 remoto,
593 2494 812 2569 concidatur
832 2500 870 2568 et
884 2496 1007 2570 calore
1028 2496 1126 2568 1000
1145 2515 1223 2568 uon
1238 2496 1440 2587 superante

247 2621 937 2717 exsiccatuminpulveremredigatur‚
950 2623 1014 2717 qui
1028 2623 1283 2718 subsequente
1297 2619 1440 2694 ratione

248 2750 492 2842 examinatus
512 2751 550 2824 in
575 2751 650 2825 100
664 2749 834 2846 partibus
853 2773 901 2826 ne
921 2751 1047 2825 minus
1068 2772 1182 2845 quarn
1199 2755 1328 2846 partes
1348 2747 1441 2820 duo-

249 2879 371 2952 decim
391 2878 472 2971 (ra)
492 2879 681 2972 morphini
700 2879 888 2973 praebeat.
1516 2867 1519 2872 ’

358 3005 575 3080 Grarnmata
613 3008 636 3080 6
670 3008 844 3101 pulveris
880 3012 1134 3100 temperatura
1175 3007 1273 3079 100⁰
1317 3003 1445 3079 siccati

249 3133 365 3207 misce
398 3133 557 3207 terendo
595 3134 635 3207 in
673 3135 849 3208 mortario
890 3157 977 3208 cum
1010 3133 1187 3227 grammis
1225 3135 1274 3207 10
1313 3152 1445 3226 aquae.

249 3258 454 3334 Miscellam
482 3261 647 3352 immitte,
669 3261 887 3335 mortarium
907 3283 1008 3355 aqua
1027 3261 1198 3351 eluenda,
1219 3261 1258 3333 in
1278 3259 1444 3334 cucurbi-

247 3393 326 3460 tam
345 3393 458 3462 antea
475 3365 722 3483 ponderatam
743 3395 779 3462 et
795 3390 891 3462 adde
911 3395 1058 3462 tantum
1078 3412 1210 3483 aquae,
1230 3395 1274 3463 ut
1290 3388 1444 3483 pondus

248 3514 404 3607 liquoris
442 3517 557 3590 totius
595 3517 644 3590 sit
677 3524 928 3609 grammatum
963 3519 1025 3590 60.
1065 3516 1214 3611 Sepone
1255 3515 1445 3589 interdum

250 3643 543 3735 conquassando
581 3666 650 3738 per
687 3644 941 3737 quadrantem
975 3645 1103 3735 horae,
1135 3651 1216 3718 turn
1248 3643 1347 3716 filtra
1378 3664 1446 3736 per

249 3769 389 3842 filtrum
408 3770 446 3843 in
464 3793 578 3864 rugas
599 3777 761 3845 artatum
780 3770 876 3844 radii
896 3772 1203 3846 centimetrorum
1220 3771 1254 3844 5.
1272 3769 1445 3865 Liquoris

250 3895 375 3969 filtrati
385 3898 562 3989 grammis
578 3899 630 3972 43
647 3899 744 3972 adde
760 3904 970 3992 grammata
986 3898 1008 3971 t
1025 3899 1236 3972 ammoniae
1251 3898 1445 3985 normalis;

149 4007 152 4011 “
249 4021 367 4095 misce
401 4026 590 4099 versando
624 4032 661 4100 et
694 4027 820 4100 statim
858 4027 956 4100 filtra
992 4048 1058 4119 per
1091 4026 1230 4098 filtrum
1261 4025 1301 4097 in
1332 4046 1447 4117 rugas

249 4155 413 4224 artatum
430 4153 525 4225 radii
544 4154 852 4228 centimetrorum
873 4154 906 4227 5.

358 4276 480 4352 Huius
512 4280 639 4353 filtrati
672 4288 884 4372 grammata
916 4283 969 4354 40
1002 4281 1117 4355 misce
1150 4280 1338 4355 versando
1376 4304 1447 4356 nec

249 4407 545 4497 conquassando
578 4407 618 4480 in
652 4409 846 4482 cucurbita
874 4430 963 4482 cum
993 4408 1173 4500 grammis
1207 4410 1256 4481 10
1286 4410 1447 4483 aetheris

250 4531 388 4620 scotici,
423 4533 520 4606 adde
550 4540 758 4626 grammata
786 4537 812 4609 4
842 4537 1054 4609 ammoniae
1083 4537 1263 4610 normalis
1293 4541 1331 4610 et
1358 4559 1446 4610 con·

250 4679 393 4749 quassa
420 4662 635 4753 miscellam,
677 4662 870 4736 cucurbita
909 4663 1046 4757 optime
1084 4663 1268 4752 obturata,
1308 4664 1449 4737 sortiter

1183 4804 1231 4857 18*
