3725 5400
910 524 1151 597 —390-

882 736 1180 905 Unguenta

542 955 743 1049 Unguenta
774 956 814 1030 in
847 980 982 1050 genere
1010 959 1062 1033 ita
1092 967 1283 1054 parentur,
1322 968 1364 1037 ut
1396 964 1629 1040 substantiae

437 1084 620 1158 difficilius
639 1085 890 1178 liquescentes
910 1086 1112 1179 separatim
1142 1093 1207 1162 aut
1235 1112 1322 1164 cum
1349 1112 1466 1184 parva
1484 1091 1629 1166 facilius

434 1212 674 1307 liquescentis
703 1212 936 1287 substantiae
966 1214 1172 1307 quantitate
1201 1217 1423 1292 commixtae
1458 1219 1631 1293 calefiant

436 1347 473 1416 et
499 1348 580 1415 tum
603 1340 756 1414 demum
785 1362 936 1413 massae
964 1341 1185 1434 liquefactae
1220 1343 1453 1418 substantiae
1482 1345 1629 1420 facilius

435 1471 685 1564 liquescentes
710 1467 989 1542 admisceantur
1013 1470 1192 1558 cavendo
1217 1492 1266 1545 ne
1290 1473 1391 1545 calor
1408 1472 1494 1566 plus
1515 1495 1631 1565 quam

436 1617 593 1672 necesse
622 1600 814 1689 augeatur.
858 1595 971 1669 Mixta
1003 1596 1128 1670 adhuc
1167 1598 1287 1672 calida
1320 1599 1406 1673 dein
1438 1621 1507 1693 per
1538 1622 1630 1695 pan·

438 1748 530 1800 num
557 1725 713 1799 linteum
739 1724 908 1799 colentur
937 1729 973 1797 et
997 1744 1120 1818 usque
1150 1725 1198 1798 ad
1216 1725 1421 1819 perfectam
1439 1726 1631 1819 refrigera·

437 1854 579 1927 tionem
597 1852 749 1927 assidue
768 1851 965 1944 agitentur.

546 1979 784 2054 Substantiae
811 1978 992 2068 volatiles
1021 1985 1064 2052 ut
1092 1980 1176 2052 olea
1204 1980 1389 2070 aetherea
1419 1980 1632 2076 Campbora

438 2109 639 2203 Unguento
659 2106 971 2198 semirefu‘gerato
996 2107 1229 2181 admisceant
1276 2162 1285 2179 .

547 2238 726 2312 Pulveres
746 2233 955 2327 Unguentis
980 2233 1210 2307 admiscendi
1229 2233 1382 2308 nonnisi
1398 2233 1632 2308 subtilissimi

440 2367 689 2440 adhibeantur
725 2369 762 2437 et
799 2367 910 2436 antea
948 2384 1035 2436 cum
1073 2362 1206 2454 exigua
1235 2363 1307 2448 olei
1344 2363 1403 2435 vel
1441 2361 1632 2455 Unguenti

439 2493 627 2588 liquefacti
646 2491 850 2586 quantitate
869 2489 1100 2564 triturentur.

548 2620 786 2694 Substantiae
806 2618 985 2692 solubiles
1006 2623 1116 2691 antea
1135 2618 1329 2690 solvantur
1347 2617 1386 2691 in
1400 2617 1515 2692 fluido
1531 2623 1631 2713 apto,

440 2757 482 2825 ut
518 2751 557 2824 in
594 2771 704 2843 aqua,
749 2747 880 2841 spiritu
912 2747 997 2837 vini,
1041 2746 1202 2836 aethere,
1244 2746 1327 2819 oleo
1361 2752 1398 2819 et
1434 2752 1515 2820 ium
1552 2746 1636 2820 basi

440 2876 628 2970 Unguenti
647 2876 852 2969 aequaliter
870 2873 1161 2947 admisceantur.

548 3004 601 3078 Ne
634 3003 710 3078 sint
736 3001 938 3094 Unguenta
965 3002 1206 3093 neglegenter
1229 3001 1344 3073 mixta
1376 3022 1471 3074 neve
1505 3000 1634 3074 odoris

440 3132 594 3208 rancidi.

665 3349 1002 3515 Unguentum
1029 3342 1185 3479 Acidi
1213 3342 1396 3478 horici.

440 3574 515 3667 Rp:
543 3574 637 3645 loidi
654 3572 761 3643 borici
779 3567 1021 3643 subtilissime
1040 3566 1224 3660 pulverati
1373 3570 1499 3660 parta
1585 3566 1633 3638 10

548 3701 699 3774 Vasclini
1377 3698 1499 3787 portas
1568 3692 1632 3765 90.

516 3829 630 3901 Misce
649 3824 884 3900 exactissime
903 3824 943 3896 in
961 3827 1210 3914 unguentum.

675 4077 1011 4248 Unguentum
1041 4070 1397 4207 aromaticum.

439 4302 514 4395 Rp:
543 4302 674 4373 Herbac
692 4299 862 4371 Absintbii
880 4307 912 4376 0)
1373 4295 1497 4386 parics
1556 4290 1632 4363 100

548 4427 789 4519 spiritualim
808 4426 910 4498 diluti
1371 4423 1496 4513 paras
1539 4416 1631 4490 000.

515 4555 557 4629 ln
580 4553 723 4648 pultem
755 4556 934 4625 contusas
968 4549 1106 4622 calefac
1132 4547 1203 4620 sub
1233 4545 1411 4619 continua
1432 4543 1632 4637 agitatione

440 4705 525 4757 cum
