3725 5400
934 478 1146 551 „93-

658 691 853 827 Cortex
885 692 1110 825 Rhanni
1137 692 1437 828 Pushiani.
1526 824 1529 827 ,

846 916 1026 1000 Casoara
1058 920 1240 1024 sagrada.

558 1112 743 1188 Rhamma
796 1111 1024 1188 Purohtonus
1068 1113 1154 1204 DC„
1210 1115 1335 1188 frutex
1390 1114 1638 1188 arboreseens

446 1241 639 1317 Americae
658 1240 984 1335 septemtrionalis.

560 1367 697 1444 Cortex
728 1368 849 1443 trunci
886 1374 922 1442 et
963 1389 1155 1443 ramorum
1193 1368 1357 1443 siccatus
1395 1367 1557 1443 occurrit
1599 1368 1638 1440 in

450 1497 582 1571 frustis
601 1495 857 1570 canaliculatis
873 1501 910 1569 et
924 1494 1133 1570 convolutis
1153 1494 1203 1569 ad
1223 1494 1478 1569 acenumetra
1492 1493 1639 1589 amplis,
1742 1510 1744 1513 ·

449 1624 544 1699 aar
577 1624 786 1699 millimetra
814 1624 966 1718 crassis,
1000 1624 1039 1696 in
1071 1624 1187 1698 latere
1216 1623 1397 1698 exteriore
1425 1622 1542 1697 fuscis
1574 1624 1639 1696 aut

451 1751 717 1847 griseo-fuscis
732 1750 986 1842 sublaevibus‚
999 1751 1146 1845 passim
1154 1750 1401 1845 peridernrate
1418 1748 1639 1824 tenuissimo

452 1879 702 1955 cinereo-albo
731 1878 932 1971 subnitido,
958 1899 1074 1973 saepe
1102 1877 1310 1973 apotheciis
1339 1878 1429 1952 atris
1460 1881 1640 1971 punctato
1778 1933 1782 1939 .

455 2006 624 2097 obtectis
660 2006 700 2079 in
736 2006 851 2080 latere
870 2005 1044 2080 interiore
1076 2027 1096 2079 e
1130 2004 1335 2099 nigricante
1356 2003 1639 2091 cinnomomeis

451 2134 610 2208 tenuiter
637 2153 705 2226 per
721 2133 993 2226 longitudinem
1020 2132 1171 2223 striatis,
1208 2132 1248 2206 in
1283 2134 1446 2206 fractura
1482 2130 1641 2206 breviter

452 2260 613 2349 fibrosis,
644 2260 684 2334 in
712 2261 876 2335 sectione
895 2264 1114 2334 transversa
1141 2260 1275 2334 coloris
1297 2259 1518 2349 fusco-mvi,
1545 2258 1640 2332 libro

456 2387 719 2462 delicatissime
737 2387 910 2461 radiatim
927 2386 1078 2462 lineato.
1098 2386 1251 2481 Saporis
1271 2393 1331 2461 est
1348 2386 1549 2461 subamari.

558 2513 802 2608 Microscopio
835 2515 1051 2607 exploratus
1086 2513 1221 2588 Cortex
1251 2513 1418 2588 Rhamni
1444 2511 1643 2586 Purshiani

458 2641 581 2716 differt
600 2664 624 2716 a
643 2642 776 2717 cortice
795 2642 1006 2736 Frangulae
1024 2642 1208 2737 imprimis
1227 2642 1368 2736 grumis
1388 2647 1426 2717 et
1442 2641 1603 2716 restibus
1622 2661 1642 2714 e

460 2768 601 2845 cellulis
621 2769 987 2863 solerenchymaticis
1002 2770 1258 2866 polymorphis
1277 2770 1419 2864 sparsis
1433 2792 1502 2864 per
1518 2790 1641 2843 meso·

456 2897 636 2992 phloeum
655 2903 693 2971 et
710 2902 853 2989 partem
869 2897 1092 2972 exteriorem
1106 2897 1332 2991 endophloei
1344 2919 1415 2971 nec
1433 2918 1511 2972 non
1528 2895 1642 2970 radiis

458 3025 724 3099 medullaribus
742 3025 964 3117 plerumque
980 3025 1238 3099 uiserialibus.

566 3151 642 3224 100
668 3157 795 3244 partes
816 3150 971 3225 Conicis
1001 3173 1073 3245 ope
1092 3151 1245 3245 spiritus
1263 3150 1340 3224 vini
1359 3151 1464 3225 diluti
1488 3151 1523 3244 (1
1541 3180 1589 3216 =
1602 3149 1641 3243 2)

461 3278 667 3353 exhaustae
686 3298 735 3351 ne
749 3278 875 3352 minus
900 3300 1014 3371 quarn
1032 3283 1159 3373 partes
1181 3278 1231 3351 uo
1252 3278 1408 3353 extracti
1431 3279 1644 3372 praebeant.

460 3403 602 3478 Eadem
614 3404 769 3478 Corticis
788 3406 978 3499 quantitas
996 3405 1195 3479 combusta
1212 3427 1260 3481 ne
1278 3407 1364 3500 plus
1384 3427 1500 3501 quarn
1517 3411 1644 3500 partes

456 3532 479 3603 6
500 3531 635 3605 cineris
649 3530 844 3624 relinquat

810 3874 1005 4008 Cortex
1041 3872 1281 4009 Viburni.

572 4128 765 4203 Viburnum
794 4129 1032 4227 prunisolium
1069 4130 1123 4222 L.,
1161 4132 1283 4207 furtex
1319 4138 1386 4206 aut
1421 4132 1644 4207 arbusculas

455 4258 647 4333 Americae
665 4259 839 4334 borealis.

565 4386 700 4461 Cortex
718 4388 839 4462 trunci
856 4410 1123 4482 ramorumque
1142 4389 1315 4464 siccatus.

566 4513 702 4587 Frusta
713 4516 921 4606 convoluta,
929 4515 1175 4589 canaliculato
1184 4521 1221 4589 et
1231 4517 1417 4609 subplana
1426 4516 1645 4609 plerumque

460 4640 565 4714 a-3
587 4640 804 4715 centimetra
822 4641 947 4735 longa,
976 4663 1061 4716 raro
1088 4642 1269 4735 longiora,
1308 4643 1409 4715 1-3
1430 4642 1648 4718 centimetra
