3725 5400
919 452 1251 527 -386-.

551 672 691 765 liquor
727 670 864 745 colons
897 693 918 745 e
949 670 1057 744 viridi
1093 667 1345 762 nigro-lusci,
1384 666 1512 742 odoris
1564 667 1637 740 cin-

443 801 643 888 namomei‚
684 799 831 894 saporis
873 797 1109 891 ferruginosi,
1152 795 1331 892 ponderis
1369 795 1534 889 specifici
1570 794 1637 869 cir-

444 928 534 1001 citer
557 927 658 1000 1·05.

551 1053 763 1128 Residuum
801 1074 821 1125 e
869 1050 1038 1145 partibus
1071 1052 1147 1125 100
1185 1072 1233 1125 ne
1272 1048 1321 1123 sit
1366 1047 1492 1122 minus
1523 1070 1638 1142 quam

444 1181 608 1276 partium
631 1179 736 1253 luo.

551 1308 611 1381 Ad
646 1305 937 1382 examinandam
966 1303 1212 1397 quantitatem
1228 1302 1326 1395 ferri,
1355 1307 1573 1377 contentam
1599 1303 1639 1376 in

443 1436 622 1509 Tinctura
654 1455 818 1528 evapora
836 1436 1045 1525 grammata
1067 1436 1088 1504 5
1122 1431 1162 1503 in
1189 1430 1291 1504 fictili
1317 1431 1555 1525 porcellaneo
1589 1431 1637 1504 ad

445 1563 651 1637 siccitatem
680 1567 718 1635 et
750 1560 928 1634 candelae
962 1558 1169 1648 residuum,
1204 1557 1357 1652 saepius
1385 1557 1639 1631 humectando

444 1712 531 1765 cum
545 1690 652 1764 acido
667 1688 811 1762 uitrico.
824 1687 996 1761 Cinerem
1010 1685 1208 1760 obtentum
1217 1684 1369 1758 extrahe
1385 1684 1636 1758 calefaciendo

444 1839 531 1892 cum
550 1817 656 1891 acido
676 1813 962 1909 hydrochlorico
983 1816 1020 1887 et
1041 1812 1225 1906 liquorem
1252 1810 1340 1885 hinc
1369 1815 1523 1884 enatum
1541 1811 1639 1884 filtra

444 1948 618 2018 accurate
668 1944 709 2016 in
757 1943 929 2034 lagenam
984 1938 1180 2035 epistomio
1231 1938 1348 2012 vitreo
1403 1938 1636 2012 instructam.

443 2071 595 2164 Liquori
608 2069 824 2162 refrigerato
839 2068 938 2141 adde
951 2067 1038 2140 kalii
1051 2066 1167 2140 iodali
1181 2070 1390 2159 grammata
1405 2065 1428 2138 0
1445 2070 1482 2139 et
1496 2088 1639 2159 sepone

442 2221 511 2294 per
538 2199 683 2271 horam.
733 2196 781 2270 Ut
807 2195 939 2269 iodum
967 2216 1068 2268 nunc
1095 2194 1255 2267 liberum
1283 2193 1460 2285 iungatur
1486 2193 1638 2266 minime

444 2330 715 2399 consumantur
734 2323 953 2397 centimetra
967 2321 1131 2396 cubica7
1148 2320 1345 2394 solutionis
1360 2319 1470 2394 nauli
1483 2319 1640 2394 lhiosul·

443 2452 549 2525 iurici
587 2450 859 2539 decinormalis
898 2448 1001 2543 quod
1037 2448 1243 2542 respondet
1271 2447 1548 2539 centigrammis
1588 2449 1608 2520 7
1615 2448 1638 2519 8

443 2578 530 2653 ferri
548 2579 587 2652 in
606 2578 785 2671 grammis
809 2578 884 2651 100
904 2575 1116 2650 Tincturae.

751 2992 1003 3127 linctum
1029 2990 1340 3125 Raunliac.

443 3251 519 3347 Rp:
548 3254 683 3327 Radlcis
702 3253 891 3326 Ratanlriae
910 3262 967 3334 (111)
1377 3253 1505 3345 partes
1587 3247 1639 3320 00

553 3381 698 3471 Splrltm
717 3382 794 3452 lllni
814 3382 914 3451 diluti
1198 3464 1201 3469 ,
1380 3385 1506 3473 partes
1551 3376 1638 3448 100.

552 3506 693 3599 Liquor
712 3506 872 3580 obscure
891 3505 1141 3594 lusco-ruber,
1172 3503 1319 3597 saporis
1343 3503 1451 3578 valde
1481 3501 1640 3576 adstrin-

384 3668 389 3677 ·
445 3633 578 3725 gentis,
599 3654 700 3725 aqua
718 3633 859 3706 dilutus
879 3632 1007 3705 addita
1022 3636 1127 3724 gutta
1155 3631 1353 3706 solutionis
1381 3630 1470 3704 ferri
1495 3628 1639 3722 sesqui-

445 3760 603 3833 chlorati
640 3760 806 3833 colorem
836 3760 995 3833 viridem
1030 3759 1197 3850 trahens
1250 3757 1429 3853 ponderis
1474 3755 1639 3852 specifioi
1735 3829 1738 3833 ,

445 3887 589 3962 circiter
608 3887 741 3961 0900.

552 4013 606 4088 Ne
625 4014 811 4106 relinquat
830 4035 850 4086 e
869 4014 1039 4108 partibus
1062 4014 1139 4086 100
1168 4012 1294 4086 minus
1324 4033 1439 4105 quam
1466 4013 1638 4106 partesl

444 4140 596 4215 residui.
