3725 5400
883 433 1126 509 -366-
1216 543 1219 548 ⁴

404 650 734 725 chloroformieum
758 673 807 726 ne
833 651 1008 727 exhibeat
1026 652 1192 727 colorem
1217 672 1384 738 roseum,
1415 651 1485 726 sed
1504 653 1599 727 eius·

403 778 508 853 modi
541 778 646 852 color
673 778 845 870 efficitur,
876 778 1014 882 quodsi
1042 783 1251 873 grammate
1278 777 1302 852 5
1332 778 1468 875 Sympi
1486 780 1599 875 opieti

404 905 633 980 adhibueris.

784 1156 1028 1334 Syrupus
1064 1157 1215 1293 Rhei.

400 1378 480 1473 Rp:
509 1381 643 1453 Rutilus
661 1381 797 1463 Rbeitl)
1336 1384 1463 1476 parter
1547 1381 1597 1455 10

509 1509 617 1582 ltatru
634 1510 783 1582 heraclei
1337 1512 1462 1604 partes
1572 1508 1595 1581 b

511 1637 656 1728 Spiritus
674 1638 751 1709 tut
770 1638 873 1709 diluti
1336 1640 1461 1732 parter
1548 1636 1597 1709 10

508 1767 622 1854 Aquae
1322 1767 1447 1857 parter
1531 1761 1594 1835 90.

469 1885 619 1984 Sepone
642 1911 711 1985 per
744 1890 795 1963 nt
823 1889 940 1963 horas
969 1888 1120 1983 saepius
1149 1888 1340 1982 agitend03
1373 1894 1456 1962 turn
1486 1888 1594 1962 filtra.

508 2016 552 2091 In
570 2016 698 2091 filtreti
1294 2014 1461 2113 partibus
1546 2017 1595 2090 10

469 2143 574 2218 solve

510 2272 669 2345 Serrburl
1332 2275 1459 2366 partes
1546 2270 1595 2343 16

470 2404 507 2472 et
526 2419 646 2492 eoque
665 2398 705 2473 in
723 2421 918 2493 syrupum.

509 2525 564 2600 Sit
578 2527 714 2601 eoloris
730 2528 872 2602 efuseo
891 2526 1006 2618 rubri,
1026 2526 1202 2601 redolens
1220 2525 1386 2599 radicem
1403 2523 1512 2598 Rhei.

748 2849 987 3023 syrius
1023 2849 1248 2985 uirium.

507 3073 664 3147 Paretur
692 3094 713 3146 e
741 3073 925 3147 fructibus
954 3072 1111 3146 mauris
1139 3071 1353 3146 recentibus
1381 3073 1474 3145 Rtbis
1497 3072 1592 3143 rubri

397 3207 441 3275 ut
458 3222 622 3295 syrupus
642 3201 845 3274 Mororum.
866 3200 1108 3274 Examinetur
1126 3186 1275 3293 aequali
1292 3198 1419 3272 modu.

689 3487 928 3661 Syrupus
964 3487 1102 3623 Rubi
1137 3487 1303 3622 idaei.

505 3710 662 3784 Paretur
700 3731 720 3784 e
757 3710 941 3783 fructibus
971 3709 1128 3783 maturis
1156 3708 1371 3783 recentibus
1399 3711 1486 3783 Rubi
1503 3710 1594 3781 Idaei

397 3843 440 3911 ut
459 3859 623 3932 syrupus
643 3838 835 3911 Mororum
855 3842 891 3910 et
910 3837 1059 3930 aequali
1077 3837 1192 3911 modo
1213 3836 1456 3910 examinetur.

726 4124 965 4297 Syrupus
1008 4125 1266 4297 Senegae.

397 4329 476 4424 Rp:
506 4334 640 4405 Ratieis
660 4333 809 4422 senegue
830 4344 880 4413 (u).
1240 4437 1286 4445 -

508 4460 651 4549 Spiritus
670 4461 747 4530 Vini
1241 4481 1288 4530 aa
1332 4462 1458 4553 parter
1543 4458 1594 4532 10

506 4590 618 4675 Aquae
1338 4593 1457 4683 partes
1527 4588 1591 4659 90.
