3725 5400
921 502 1162 575 -380-

443 719 540 792 acidi
568 719 735 793 sulfurici
754 719 984 793 concontrati
1008 725 1044 793 et
1063 720 1261 811 granulum
1285 719 1370 792 kalii
1396 717 1517 792 uitrici
1535 718 1636 792 addi·

444 845 553 936 derio,
600 847 777 939 agitando
824 846 959 920 baculo
996 846 1126 938 vitreo,
1165 845 1268 939 rigae
1306 846 1441 920 coloris
1482 844 1638 919 violacei

443 973 621 1065 oriantur,
643 974 771 1048 addita
797 979 878 1047 tum
897 975 1085 1048 solutione
1112 973 1223 1048 natn'i
1240 972 1517 1068 hydrooxydati
1535 973 1638 1047 color

442 1101 629 1176 latericius
648 1103 854 1196 proveniat.

553 1227 613 1303 lid
647 1230 971 1304 determinandam
1014 1231 1260 1324 quantitatem
1296 1229 1565 1304 alcaloidorum
1597 1229 1636 1302 in

442 1358 620 1433 Tinctura
648 1359 811 1433 Colchici
839 1364 1102 1433 contentorum
1130 1379 1293 1452 evapora
1320 1361 1529 1448 grammata
1560 1357 1636 1429 100

441 1485 652 1576 Tincturae,
669 1487 808 1560 dilutae
828 1508 915 1559 cum
935 1486 1113 1578 grammis
1130 1487 1181 1559 30
1205 1507 1325 1579 aquae
1354 1484 1392 1557 in
1411 1484 1539 1578 patina
1552 1505 1636 1577 por·

442 1614 609 1687 cellanea
628 1635 699 1706 ope
718 1613 841 1686 balnei
871 1635 992 1706 aquae
1012 1613 1061 1686 ad
1080 1613 1324 1707 quantitatem
1353 1613 1497 1686 circiter
1516 1633 1636 1704 gram·

442 1747 586 1815 matum
620 1742 684 1815 00.
716 1741 919 1835 Liquorem
952 1740 1212 1832 refrigeratum
1243 1740 1341 1814 filtra
1378 1739 1460 1813 sine
1497 1739 1636 1812 damno

442 1871 481 1943 in
509 1869 787 1942 infundibulum
815 1869 1090 1963 separatorium
1118 1872 1155 1942 et
1188 1889 1377 1962 exquassa
1403 1867 1548 1940 vicibus
1581 1888 1637 1940 se-

442 1995 645 2094 quentibus
672 2018 759 2070 cum
784 1994 1011 2070 centimetris
1038 1995 1178 2070 cubicis
1208 1994 1462 2069 chloroiormii
1491 1994 1553 2084 00,
1587 1995 1635 2067 10

442 2128 479 2197 et
507 2122 543 2197 5.
572 2123 786 2197 Residuum
800 2123 1033 2197 solutionum
1061 2122 1433 2197 chloroiormicarum
1466 2121 1635 2196 collecta·

440 2274 525 2325 rum
544 2256 832 2345 evaporatarum
851 2251 955 2326 solve
973 2251 1012 2324 in
1031 2251 1222 2325 nonnullis
1247 2250 1475 2324 centimetris
1495 2249 1635 2324 cubicis

441 2402 579 2471 aquae;
627 2379 855 2454 solutionem
895 2379 993 2453 filtra
1040 2383 1214 2454 accurate
1264 2379 1303 2452 iu
1354 2377 1634 2452 inbrndibulum

441 2507 714 2601 separatorium
752 2511 789 2581 et
826 2528 1016 2601 exquassa
1056 2507 1174 2580 ternis
1214 2507 1358 2580 vicibus
1396 2529 1484 2581 cum
1521 2504 1633 2580 centi-

442 2636 569 2709 metn‘s
603 2634 710 2710 denis
740 2634 1006 2710 cbloroformii.
1036 2634 1270 2710 Solutionem
1307 2633 1635 2710 chloroiormicam

440 2763 566 2855 ingere
603 2763 643 2837 in
675 2764 890 2855 lagenulam
923 2763 971 2836 ad
1005 2764 1298 2837 examinandum
1329 2762 1469 2837 trutina
1496 2766 1633 2857 aptam,

441 2893 537 2965 collo
571 2891 696 2985 amplo
729 2891 953 2964 instructam
981 2891 1160 2985 ponderis
1184 2892 1262 2965 noti
1283 2898 1321 2965 et
1344 2912 1486 2985 sepone
1511 2911 1633 2982 usque

441 3018 749 3092 chloroiormium
764 3024 1010 3111 evaporatum
1023 3017 1142 3108 fucrit,
1157 3018 1352 3093 residuum
1366 3025 1447 3092 tum
1457 3018 1635 3091 humecta

441 3168 528 3219 cum
546 3145 678 3240 paucis
698 3146 811 3238 guttis
845 3145 997 3241 spiritus
1021 3145 1098 3218 vini
1117 3145 1232 3236 diluti,
1253 3150 1508 3241 temperatura
1530 3145 1630 3220 100Ο

441 3274 541 3347 sicca
574 3278 611 3347 et
646 3273 905 3365 refrigeratum
937 3272 976 3346 in
1010 3278 1193 3366 apparatu
1221 3273 1466 3353 exsiccatorio
1494 3272 1633 3346 trutina

441 3400 624 3474 erramina.
640 3400 795 3474 Pondus
819 3400 962 3474 residui
980 3401 1030 3474 sit
1049 3400 1399 3492 centigrammatum
1419 3401 1456 3490 4,
1476 3421 1632 3493 respon·

440 3527 535 3602 dens
559 3528 727 3622 partibus
748 3529 841 3601 0·04
861 3528 1076 3602 centesimis
1096 3528 1364 3602 alcaloidorum
1382 3528 1631 3623 propriorum.

615 3942 1007 4055 maura
1043 3925 1453 4079 mulmis.

438 4166 518 4260 Rp:
552 4168 720 4239 lollomm
745 4168 902 4256 bigitalls
922 4178 978 4248 011)
1376 4174 1501 4263 partes
1574 4169 1632 4242 10.

520 4293 602 4366 Fiat
620 4314 706 4367 cum

383 4404 385 4407 ’
549 4424 695 4513 somus
713 4422 791 4494 vm
814 4423 914 4495 rouo
1557 4446 1634 4519 cp

516 4547 630 4622 modo
648 4547 831 4623 tincturae
849 4548 1104 4623 Belladonnae

548 4679 707 4751 linctum
870 4778 871 4781 Ἴ
1335 4677 1499 4775 partium
1544 4680 1633 4753 100.
