3725 5400
107 2986 226 3430 q

926 468 1154 541 -xvl-

449 688 719 768 examinando
741 684 905 782 trutina,
947 692 1152 794 quantitas
1184 690 1435 796 praescripta
1456 697 1644 774 substan-

447 852 527 930 tiae
551 853 717 932 aotivae.

555 1015 603 1096 In
634 1012 882 1120 simplicibus
914 1014 938 1096 e
968 1042 1094 1123 regno
1126 1021 1338 1124 vegetabili
1377 1022 1641 1124 sequentibus

446 1181 651 1282 quantitas
692 1182 946 1261 substantiae
978 1182 1132 1262 activae
1166 1182 1330 1263 definita
1368 1190 1439 1263 aut
1473 1185 1640 1264 minima

444 1344 694 1447 praesoripta
717 1353 792 1424 est.

552 1539 687 1613 Cortex
724 1502 866 1615 Cbinae
904 1545 944 1633 (5
982 1545 1112 1636 pron),
1142 1542 1246 1616 Folia
1277 1542 1405 1616 Tbeae
1440 1541 1478 1641 (d
1512 1548 1639 1636 pron),
1764 1596 1765 1599 ,

443 1684 622 1759 Guarana
658 1666 698 1777 (4
726 1689 855 1779 pron),
894 1687 1022 1761 Herba
1059 1687 1220 1763 Sabinae
1258 1689 1299 1780 (4
1327 1688 1460 1784 pree),
1499 1689 1636 1782 Opium

443 1831 508 1923 (la
529 1830 660 1924 pree),
687 1830 811 1905 Radix
833 1832 1116 1925 lpeeaeuauhae
1136 1835 1174 1923 (l
1195 1837 1325 1925 pron),
1346 1833 1469 1907 Radix
1487 1834 1636 1926 lalapae

443 1977 511 2069 (10
538 1979 670 2069 prou),
710 1978 847 2051 Semen
877 1978 990 2053 Celae
1027 1980 1103 2070 (lb
1131 1982 1262 2072 pron),
1303 1979 1441 2053 Semen
1466 1979 1638 2071 Stryehui

441 2121 519 2213 (db
538 2120 665 2217 pron).

549 2327 597 2405 In
651 2329 947 2430 praeparatis
1006 2328 1405 2431 pharmaceutiois
1459 2330 1634 2431 primum

439 2496 553 2570 tenet
574 2491 710 2570 looum
731 2490 906 2569 formula
937 2492 1213 2593 praeparandi,
1245 2492 1285 2570 in
1320 2516 1400 2594 qua
1431 2493 1517 2570 eius
1541 2515 1633 2571 oon-

440 2655 648 2734 stituentia
670 2658 741 2733 aut
758 2656 984 2734 seeundum
1003 2679 1145 2736 eorum
1164 2654 1444 2758 quantitatem,
1468 2679 1631 2758 expres·

439 2842 528 2897 sam
556 2819 739 2921 exeeptis
767 2820 979 2923 perpaucis
1001 2820 1214 2922 partibus
1247 2826 1332 2920 aut
1350 2821 1458 2922 quod
1485 2820 1630 2899 attinet

438 2982 633 3086 simplicia
654 2984 880 3062 seeundum
903 3007 995 3061 earn
1017 2990 1059 3062 et
1091 2984 1337 3088 categoriam
1368 2983 1589 3085 pharmaco
1617 3029 1630 3042 ·

415 3100 637 3306 'posticam
667 3147 708 3224 in
741 3147 922 3225 ordinem
955 3146 1174 3250 dispositae
1212 3151 1320 3225 sunt-
1363 3146 1629 3248 Subsequitur

436 3309 590 3389 notatio
633 3309 765 3388 brevis
806 3310 1036 3412 praeparati
1080 3309 1254 3389 eonfeoti
1298 3310 1403 3388 notis
1448 3309 1628 3387 externis

434 3472 612 3575 physicis
652 3478 692 3551 et
730 3472 837 3551 notis
894 3473 1081 3551 sensibus
1119 3474 1297 3551 maxime
1343 3473 1547 3565 subiectis
1587 3473 1628 3551 in
1685 3443 1687 3446 V

434 3636 684 3738 praeparatis
717 3636 887 3738 liquidis,
925 3637 995 3714 ubi
1026 3637 1302 3715 necessarium
1334 3643 1405 3715 aut
1427 3637 1626 3715 desidera-

434 3800 521 3892 bile,
553 3799 762 3878 nominato
796 3801 975 3902 pondere
1008 3800 1197 3903 speoifioo
1230 3807 1272 3879 et
1310 3801 1351 3878 in
1378 3799 1628 3902 praeparatis

433 3963 595 4043 maioris
634 3964 830 4042 momenti
887 3964 1138 4067 praescripta
1181 3965 1407 4066 quantitate
1461 3964 1627 4041 minima

432 4127 582 4206 residui
601 4127 708 4219 sicci,
725 4128 766 4206 in
786 4128 987 4207 nonnullis
1022 4128 1260 4231 praeprimis
1280 4127 1495 4206 narcotiois
1513 4151 1625 4228 prae-

432 4292 583 4394 scripta
606 4291 831 4393 quantitate
868 4291 1035 4370 minima
1078 4292 1141 4369 vel
1173 4291 1337 4369 definita
1375 4290 1626 4368 substantiae

432 4457 585 4534 aotivae
616 4479 794 4533 unacum
824 4456 1077 4558 expositione
1109 4453 1292 4534 methodi
1318 4454 1562 4556 prooodendi
1584 4453 1625 4531 in

431 4621 517 4698 eius
550 4620 750 4698 examine.
781 4620 1028 4722 Praeparata
1059 4618 1389 4723 pharmaceutioa
1415 4617 1627 4719 sequentia
