3725 5400
903 449 1146 522 -398-

809 662 1000 797 Vinum
1038 662 1250 797 thineo.

426 884 506 977 Rp:
535 886 710 958 delnttnae
728 886 884 957 entnnltn
903 886 1001 957 elbne
1347 891 1488 982 portem
1588 888 1620 960 1.

505 1010 616 1085 Solve
635 1011 674 1084 in

536 1143 648 1229 donne
667 1140 819 1211 fervidae
1321 1136 1490 1235 partious
1559 1139 1621 1214 20.

506 1264 689 1338 Solutioni
708 1264 873 1338 admisce

537 1396 612 1465 Vini
630 1394 833 1483 delegensts
852 1396 948 1465 enrei
1366 1398 1490 1489 portes
1532 1394 1554 1467 7
1559 1395 1622 1468 80.

508 1519 657 1613 Sepone
676 1541 745 1613 per
762 1520 878 1593 hores
899 1519 963 1609 dd,
984 1525 1065 1592 tum
1084 1520 1181 1595 adde

537 1649 691 1720 Extrnott
710 1648 834 1721 ennae
853 1649 949 1722 nnn

538 1776 716 1848 Ttnetnrne
734 1777 890 1849 terendi
1309 1754 1491 1870 adportes
1574 1776 1625 1848 50

539 1903 648 1977 Hellto
667 1903 824 1993 depnrntt
1365 1908 1491 1998 partes
1536 1903 1624 1976 100.

511 2029 658 2123 Sepone
677 2050 746 2123 per
764 2029 916 2103 minime
940 2028 990 2103 14
1004 2028 1085 2103 dies
1099 2029 1138 2102 in
1152 2029 1235 2102 loco
1249 2027 1398 2119 tn’gido;
1418 2034 1499 2103 tum
1517 2030 1625 2103 filtra.

540 2155 681 2249 Liquor
698 2156 874 2250 limpidus
890 2157 988 2230 elene
1003 2157 1144 2247 tuseuS,
1163 2154 1310 2249 saporis
1329 2155 1493 2231 suaviter
1505 2157 1628 2231 vinosi

433 2290 472 2359 et
508 2282 758 2373 amaricantis,
800 2284 907 2358 acido
940 2282 1226 2377 hydtochlorico
1260 2283 1469 2358 acidulntus
1501 2285 1629 2359 addite

432 2411 620 2486 solutione
638 2411 858 2505 hydrargyn‘
875 2409 1071 2486 bichlornti
1085 2409 1265 2484 corrosivi
1279 2432 1366 2484 eum
1384 2410 1482 2486 kelio
1500 2412 1628 2486 iodato

433 2542 687 2616 sedimentum
706 2539 903 2648 copiosum
922 2538 1135 2614 demittens.

546 2645 746 2797 Servetnde
763 2669 846 2742 luce
864 2671 1032 2743 remotus
1051 2665 1092 2742 in
1117 2664 1262 2759 lagenis
1280 2666 1441 2760 perfecte
1469 2664 1629 2760 impletis

435 2801 473 2871 et
489 2797 587 2871 bene
606 2796 801 2871 obturetis.

672 3119 862 3254 Vinum
900 3118 1098 3252 Chione
1133 3118 1404 3253 terretnn.

436 3342 516 3436 Rp:
545 3344 719 3416 delatione
739 3343 894 3415 animalis
913 3342 1011 3413 eltae
1354 3343 1497 3435 portem
1597 3339 1631 3410 1.

515 3468 626 3544 Solve
646 3469 685 3542 in

545 3601 660 3688 Aquae
679 3598 832 3671 fervidae
1330 3590 1498 3689 partibus
1567 3591 1631 3665 dt).

514 3723 623 3797 Adde

547 3855 624 3927 Vini
642 3855 843 3942 Melegensts
862 3854 959 3923 enret
1374 3851 1499 3943 portae
1541 3846 1632 3919 955.

520 3979 669 4073 Sepone
689 4000 757 4073 per
776 3978 828 4052 td
846 3977 975 4065 horae,
995 3981 1077 4050 tum
1095 3974 1192 4050 adde

548 4110 644 4185 nem
662 4108 773 4180 citrini
790 4108 935 4181 ehtntnti
1375 4107 1501 4198 parto
1611 4101 1633 4173 5

519 4238 664 4310 solutas
684 4235 723 4308 in

550 4367 661 4455 tqnne
1221 4372 1225 4378 ·
1334 4353 1502 4454 portibus
1571 4356 1636 4430 20.

520 4490 671 4585 Sepone
695 4511 763 4583 per
781 4488 934 4563 minime
958 4487 1007 4560 14
1027 4486 1105 4561 dies
1125 4484 1277 4580 saepius
1296 4482 1472 4578 agitando
1496 4484 1534 4557 in
1553 4485 1637 4557 loco

517 4617 649 4711 frigido
656 4640 665 4705 ;
684 4623 765 4692 tum
783 4615 891 4691 filtro.
