3725 5400
736 510 979 582 —0261-

259 727 375 801 iodati
382 726 553 823 ·(1=1‹0)
569 747 655 801 cum
666 727 817 802 circiter
836 726 1062 801 centirnetris
1084 726 1223 801 cubicis
1241 726 1455 819 tuaequae

128 936 130 940 Α
259 860 297 928 et
323 856 410 929 titra
442 878 529 929 curn
562 855 750 930 solutione
774 855 893 929 ‘nabit
919 855 1172 929 thiosulfnrici
1200 855 1453 944 decinonnali,

260 984 487 1057 soludonem
507 984 619 1076 amyli
632 983 881 1057 indicatorem
894 982 1097 1075 adhibens,
1126 1004 1247 1078 usque
1272 982 1320 1055 ad
1345 982 1455 1056 deco·

259 1110 482 1184 lavationem
493 1109 700 1182 miscellae.

363 1237 630 1331 uxpeameuto
669 1237 760 1310 -iicto
794 1236 979 1326 examina,
1016 1236 1232 1311 adhibenda
1264 1237 1457 1329 reageutia

260 1365 488 1459 aequata-et
503 1365 687 1458 temporis
702 1365 872 1458 spatium
899 1365 1067 1458 aequale,
1094 1364 1228 1438 ‘titrum
1253 1364 1455 1437 solutionis

259 1493 336 1566 lodi
365 1514 455 1567 cuin
484 1493 720 1586 'hydrargyro
758 1492 966 1566 bichlorcto
1000 1491 1048 1564 ad
1081 1491 1310 1565 solutionem
1346 1491 1456 1566 natrii

259 1621 511 1695 thiosulfurici
529 1621 833 1696 decinormalem.

365 1748 572 1822 Rationem
593 1748 741 1821 numeri
760 1746 834 1820 lodi
853 1748 960 1820 ineas
976 1746 1260 1839 multiplicando
1281 1746 1457 1821 'differen-

261 1876 352 1949 tiam
373 1876 673 1950 centimetrorum
703 1875 920 1948 cubicorum
950 1875 1146 1949 solutionis
1170 1875 1282 1948 natrii
1299 1875 1456 1949 tbiosnl-

260 2002 368 2076 surici
388 2007 701 2096 consumptorum
729 2002 768 2074 in
786 2007 948 2094 utroque
976 2002 1180 2076 tentamine
1201 2023 1287 2077 curn
1310 2003 1453 2076 lucu

262 2134 299 2202 et
332 2129 533 2203 dividendo
567 2150 756 2203 summam
789 2134 970 2202 statutam
1007 2129 1174 2222 pondere
1215 2128 1455 2224 pinguedinis

262 2255 461 2332 adhibitae.
497 2257 685 2330 Nmnerus
718 2257 791 2329 hoc
824 2257 940 2331 inodo
972 2263 1145 2352 repertus
1183 2298 1236 2310 —-
1275 2278 1456 2331 numerus

261 2384 338 2458 iodi
359 2427 407 2439 -
429 2385 569 2459 indicat
597 2385 843 2478 quantitatem
870 2386 1033 2478 partium
1063 2385 1353 2459 centesimarum
1381 2386 1457 2458 iodi

264 2511 451 2604 alligatam
470 2512 699 2606 pinguedine
718 2512 893 2588 adhibita

372 2638 515 2715 Solutio
554 2641 630 2716 lodi
673 2661 760 2714 cum
800 2640 1032 2734 hydrargyro
1075 2640 1282 2715 bichlorato
1329 2634 1455 2738 (Haut)

261 2774 414 2860 paretur
436 2768 619 2842 solvendo
648 2768 851 2863 separatim
869 2774 1077 2860 grammata
1107 2768 1157 2841 95
1177 2769 1252 2841 iodi
1281 2772 1318 2841 et
1336 2789 1458 2860 gram-

261 2902 364 2970 mata
403 2897 453 2971 30
490 2896 710 2990 hydrargyri
741 2895 939 2969 biclilorati
970 2896 1010 2968 in
1052 2896 1279 2969 centimetris
1317 2894 1458 2968 cubicis

267 3024 345 3096 500
366 3024 518 3119 spiritns
537 3023 614 3097 vini
634 3024 685 3097 95
706 3045 806 3118 proc.
831 3022 973 3097 Solutio
1000 3021 1222 3116 hydrargyri
1249 3021 1457 3112 bichlorati,

265 3151 297 3225 si
316 3173 473 3226 necesse
499 3158 558 3225 est
587 3151 726 3225 filtrata
760 3151 1047 3224 commisceatur
1075 3171 1162 3224 cum
1183 3149 1329 3243 aequali
1357 3150 1459 3223 volu·

262 3279 362 3352 mine
397 3277 595 3352 solutionis
629 3279 716 3351 iodi.
751 3277 853 3352 Haec
886 3278 1015 3351 mixtio
1049 3279 1114 3350 liat
1143 3277 1275 3351 diebus
1310 3275 1460 3351 duobus

263 3408 351 3481 usui
371 3406 692 3480 antecedentibus.

547 3784 728 3919 llleurn
756 3784 1186 3956 Anygdularun.
1328 3847 1331 3850 ·

261 4044 337 4138 Rp:
370 4046 636 4137 lnygdnlcrun
650 4044 801 4116 dulcium
1245 4066 1275 4138 a
1292 4066 1324 4114 o.

373 4170 572 4244 Contnnde
594 4171 636 4244 in
654 4170 857 4266 pulverem,
889 4191 1004 4262 quem
1027 4171 1178 4243 sacculo
1207 4170 1395 4243 inclusum
1423 4169 1462 4242 in

259 4301 366 4393 prelo
379 4299 544 4394 primum
562 4299 694 4371 leniter
709 4303 791 4370 tum
807 4296 1009 4370 fortissime
1031 4296 1227 4389 exprimes
1245 4296 1381 4371 Oleum
1394 4317 1462 4389 per

263 4425 430 4500 chartam
447 4425 617 4498 bibulam
634 4425 812 4498 filtratum
830 4445 952 4497 serva.

371 4552 442 4625 Sit·
462 4552 670 4646 limpidum,
721 4551 857 4624 coloris
893 4551 1030 4644 pallide
1069 4549 1166 4639 flavi,
1216 4550 1343 4624 odoris
1381 4550 1459 4623 iere

264 4701 409 4774 expers,
442 4679 589 4773 saporis
619 4680 804 4752 mitissimi
833 4679 937 4752 haud
961 4679 1114 4768 rancidi,
1145 4700 1222 4751 non
1252 4678 1458 4766 exsiccans
