<?xml version="1.0" encoding="UTF-8"?>
<!DOCTYPE html PUBLIC "-//W3C//DTD XHTML 1.0 Transitional//EN"
    "http://www.w3.org/TR/xhtml1/DTD/xhtml1-transitional.dtd">
<html xmlns="http://www.w3.org/1999/xhtml" xml:lang="en" lang="en">
 <head>
  <title>
</title>
<meta http-equiv="Content-Type" content="text/html;charset=utf-8" />
  <meta name='ocr-system' content='tesseract 3.04.00' />
  <meta name='ocr-capabilities' content='ocr_page ocr_carea ocr_par ocr_line ocrx_word'/>
</head>
<body>
  <div class='ocr_page' id='page_1' title='image "./pharmacopoeaaus00innegoog_0364.png"; bbox 0 0 3725 5400; ppageno 0'>
   <div class='ocr_carea' id='block_1_1' title="bbox 911 481 1153 555">
    <p class='ocr_par' dir='ltr' id='par_1_1' title="bbox 911 481 1153 555">
     <span class='ocr_line' id='line_1_1' title="bbox 911 481 1153 555; baseline 0 -1"><span class='ocrx_word' id='word_1_1' title='bbox 911 481 1153 555; x_wconf 70' lang='lat'><strong>-396-</strong></span> 
     </span>
    </p>
   </div>
   <div class='ocr_carea' id='block_1_2' title="bbox 433 715 1636 1955">
    <p class='ocr_par' dir='ltr' id='par_1_2' title="bbox 435 715 1636 1319">
     <span class='ocr_line' id='line_1_2' title="bbox 436 715 1636 811; baseline 0.002 -22"><span class='ocrx_word' id='word_1_2' title='bbox 436 715 574 810; x_wconf 80' lang='lat' dir='ltr'>piperis</span> <span class='ocrx_word' id='word_1_3' title='bbox 607 717 667 790; x_wconf 86' lang='lat' dir='ltr'>vel</span> <span class='ocrx_word' id='word_1_4' title='bbox 698 716 770 810; x_wconf 91' lang='lat' dir='ltr'>pisi</span> <span class='ocrx_word' id='word_1_5' title='bbox 802 717 1071 810; x_wconf 78' lang='lat' dir='ltr'>magnitudine,</span> <span class='ocrx_word' id='word_1_6' title='bbox 1111 718 1222 806; x_wconf 88' lang='lat' dir='ltr'>clara,</span> <span class='ocrx_word' id='word_1_7' title='bbox 1260 716 1457 811; x_wconf 89' lang='lat' dir='ltr'>pellucida,</span> <span class='ocrx_word' id='word_1_8' title='bbox 1498 716 1636 791; x_wconf 86' lang='lat' dir='ltr'>coloris</span> 
     </span>
     <span class='ocr_line' id='line_1_3' title="bbox 437 843 1636 938; baseline 0 -21"><span class='ocrx_word' id='word_1_9' title='bbox 437 843 641 934; x_wconf 78' lang='lat' dir='ltr'>subciuini,</span> <span class='ocrx_word' id='word_1_10' title='bbox 671 843 711 917; x_wconf 94' lang='lat' dir='ltr'>in</span> <span class='ocrx_word' id='word_1_11' title='bbox 738 845 902 918; x_wconf 85' lang='lat' dir='ltr'>tractura</span> <span class='ocrx_word' id='word_1_12' title='bbox 930 845 1116 919; x_wconf 89' lang='lat' dir='ltr'>conchata</span> <span class='ocrx_word' id='word_1_13' title='bbox 1141 845 1225 918; x_wconf 83' lang='lat' dir='ltr'>vitri</span> <span class='ocrx_word' id='word_1_14' title='bbox 1251 846 1370 918; x_wconf 87' lang='lat' dir='ltr'>instar</span> <span class='ocrx_word' id='word_1_15' title='bbox 1389 845 1636 938; x_wconf 80' lang='lat' dir='ltr'>splendentia,</span> 
     </span>
     <span class='ocr_line' id='line_1_4' title="bbox 436 970 1633 1066; baseline -0.001 -21"><span class='ocrx_word' id='word_1_16' title='bbox 436 970 604 1060; x_wconf 88' lang='lat' dir='ltr'>friabilia,</span> <span class='ocrx_word' id='word_1_17' title='bbox 634 970 673 1043; x_wconf 91' lang='grc'>11</span> <span class='ocrx_word' id='word_1_18' title='bbox 700 993 825 1045; x_wconf 91' lang='lat' dir='ltr'>merce</span> <span class='ocrx_word' id='word_1_19' title='bbox 855 993 934 1045; x_wconf 92' lang='lat' dir='ltr'>non</span> <span class='ocrx_word' id='word_1_20' title='bbox 962 972 1054 1045; x_wconf 88' lang='lat' dir='ltr'>satis</span> <span class='ocrx_word' id='word_1_21' title='bbox 1073 977 1223 1046; x_wconf 89' lang='lat' dir='ltr'>recente</span> <span class='ocrx_word' id='word_1_22' title='bbox 1243 971 1440 1065; x_wconf 89' lang='lat' dir='ltr'>superficie</span> <span class='ocrx_word' id='word_1_23' title='bbox 1459 972 1633 1066; x_wconf 86' lang='lat' dir='ltr'>pulveru-</span> 
     </span>
     <span class='ocr_line' id='line_1_5' title="bbox 435 1097 1635 1192; baseline 0 -20"><span class='ocrx_word' id='word_1_24' title='bbox 435 1099 546 1188; x_wconf 79' lang='lat' dir='ltr'>lenta,</span> <span class='ocrx_word' id='word_1_25' title='bbox 592 1097 721 1172; x_wconf 91' lang='lat' dir='ltr'>odoris</span> <span class='ocrx_word' id='word_1_26' title='bbox 760 1104 796 1173; x_wconf 88' lang='lat' dir='ltr'>et</span> <span class='ocrx_word' id='word_1_27' title='bbox 833 1099 981 1192; x_wconf 87' lang='lat' dir='ltr'>saporis</span> <span class='ocrx_word' id='word_1_28' title='bbox 1020 1098 1152 1173; x_wconf 89' lang='lat' dir='ltr'>debilis</span> <span class='ocrx_word' id='word_1_29' title='bbox 1192 1098 1396 1189; x_wconf 81' lang='lat' dir='ltr'>balsamici,</span> <span class='ocrx_word' id='word_1_30' title='bbox 1438 1098 1635 1172; x_wconf 78' lang='lat' dir='ltr'>masticata</span> 
     </span>
     <span class='ocr_line' id='line_1_6' title="bbox 441 1225 1495 1319; baseline -0.005 -19"><span class='ocrx_word' id='word_1_31' title='bbox 441 1246 611 1300; x_wconf 88' lang='lat' dir='ltr'>massam</span> <span class='ocrx_word' id='word_1_32' title='bbox 631 1225 765 1316; x_wconf 88' lang='lat' dir='ltr'>albam,</span> <span class='ocrx_word' id='word_1_33' title='bbox 785 1225 960 1299; x_wconf 86' lang='lat' dir='ltr'>dentibus</span> <span class='ocrx_word' id='word_1_34' title='bbox 981 1226 1248 1300; x_wconf 88' lang='lat' dir='ltr'>adhaerentem</span> <span class='ocrx_word' id='word_1_35' title='bbox 1267 1225 1495 1319; x_wconf 84' lang='lat' dir='ltr'>praebentia.</span> 
     </span>
    </p>

    <p class='ocr_par' dir='ltr' id='par_1_3' title="bbox 437 1353 1634 1683">
     <span class='ocr_line' id='line_1_7' title="bbox 547 1353 1634 1447; baseline 0 -20"><span class='ocrx_word' id='word_1_36' title='bbox 547 1353 692 1427; x_wconf 89' lang='lat' dir='ltr'>Resina</span> <span class='ocrx_word' id='word_1_37' title='bbox 709 1353 844 1427; x_wconf 75' lang='lat' dir='ltr'>Mastia</span> <span class='ocrx_word' id='word_1_38' title='bbox 862 1353 902 1427; x_wconf 94' lang='lat' dir='ltr'>in</span> <span class='ocrx_word' id='word_1_39' title='bbox 921 1353 1053 1447; x_wconf 84' lang='lat' dir='ltr'>spiritu</span> <span class='ocrx_word' id='word_1_40' title='bbox 1071 1353 1147 1427; x_wconf 88' lang='lat' dir='ltr'>vini</span> <span class='ocrx_word' id='word_1_41' title='bbox 1164 1357 1419 1447; x_wconf 88' lang='lat' dir='ltr'>temperatura</span> <span class='ocrx_word' id='word_1_42' title='bbox 1443 1353 1634 1427; x_wconf 88' lang='lat' dir='ltr'>ordinaria</span> 
     </span>
     <span class='ocr_line' id='line_1_8' title="bbox 442 1445 1634 1576; baseline 0 -22"><span class='ocrx_word' id='word_1_43' title='bbox 442 1503 512 1576; x_wconf 90' lang='lat' dir='ltr'>pro</span> <span class='ocrx_word' id='word_1_44' title='bbox 546 1480 710 1556; x_wconf 81' lang='lat' dir='ltr'>maxima</span> <span class='ocrx_word' id='word_1_45' title='bbox 741 1486 859 1575; x_wconf 86' lang='lat' dir='ltr'>parte,</span> <span class='ocrx_word' id='word_1_46' title='bbox 880 1503 951 1575; x_wconf 93' lang='lat' dir='ltr'>ope</span> <span class='ocrx_word' id='word_1_47' title='bbox 986 1481 1120 1555; x_wconf 88' lang='lat' dir='ltr'>caloris</span> <span class='ocrx_word' id='word_1_48' title='bbox 1154 1485 1191 1554; x_wconf 90' lang='lat' dir='ltr'>et</span> <span class='ocrx_word' id='word_1_49' title='bbox 1221 1480 1260 1553; x_wconf 89' lang='lat' dir='ltr'>in</span> <span class='ocrx_word' id='word_1_50' title='bbox 1298 1445 1449 1554; x_wconf 75' lang='lat' dir='ltr'>aetherb</span> <span class='ocrx_word' id='word_1_51' title='bbox 1481 1480 1634 1575; x_wconf 90' lang='lat' dir='ltr'>penitus</span> 
     </span>
     <span class='ocr_line' id='line_1_9' title="bbox 437 1607 605 1683; baseline 0 -2"><span class='ocrx_word' id='word_1_52' title='bbox 437 1607 605 1683; x_wconf 88' lang='lat' dir='ltr'>solvitur.</span> 
     </span>
    </p>

    <p class='ocr_par' dir='ltr' id='par_1_4' title="bbox 433 1733 1634 1955">
     <span class='ocr_line' id='line_1_10' title="bbox 550 1733 1634 1829; baseline -0.001 -20"><span class='ocrx_word' id='word_1_53' title='bbox 550 1736 627 1809; x_wconf 90' lang='grc'>100</span> <span class='ocrx_word' id='word_1_54' title='bbox 654 1741 781 1829; x_wconf 84' lang='lat' dir='ltr'>partes</span> <span class='ocrx_word' id='word_1_55' title='bbox 816 1736 897 1810; x_wconf 88' lang='lat' dir='ltr'>eius</span> <span class='ocrx_word' id='word_1_56' title='bbox 929 1757 978 1809; x_wconf 91' lang='lat' dir='ltr'>ne</span> <span class='ocrx_word' id='word_1_57' title='bbox 1006 1736 1092 1829; x_wconf 89' lang='lat' dir='ltr'>plus</span> <span class='ocrx_word' id='word_1_58' title='bbox 1126 1757 1241 1829; x_wconf 85' lang='lat' dir='ltr'>quam</span> <span class='ocrx_word' id='word_1_59' title='bbox 1268 1740 1414 1829; x_wconf 85' lang='lat' dir='ltr'>partem</span> <span class='ocrx_word' id='word_1_60' title='bbox 1447 1734 1463 1806; x_wconf 91' lang='lat'>1</span> <span class='ocrx_word' id='word_1_61' title='bbox 1497 1733 1634 1808; x_wconf 90' lang='lat' dir='ltr'>cineris</span> 
     </span>
     <span class='ocr_line' id='line_1_11' title="bbox 433 1863 656 1955; baseline -0.004 -18"><span class='ocrx_word' id='word_1_62' title='bbox 433 1863 656 1955; x_wconf 89' lang='lat' dir='ltr'>relinquant</span> 
     </span>
    </p>
   </div>
   <div class='ocr_carea' id='block_1_3' title="bbox 589 2114 1484 2406">
    <p class='ocr_par' dir='ltr' id='par_1_5' title="bbox 589 2114 1484 2406">
     <span class='ocr_line' id='line_1_12' title="bbox 589 2114 1484 2252; baseline -0.004 -25"><span class='ocrx_word' id='word_1_63' title='bbox 589 2114 915 2227; x_wconf 69' lang='lat' dir='ltr'>Resina</span> <span class='ocrx_word' id='word_1_64' title='bbox 955 2114 1484 2252; x_wconf 74' lang='lat' dir='ltr'>Podcplmllt.</span> 
     </span>
     <span class='ocr_line' id='line_1_13' title="bbox 861 2302 1206 2406; baseline 0 -24"><span class='ocrx_word' id='word_1_65' title='bbox 861 2302 1206 2406; x_wconf 84' lang='lat' dir='ltr'>Podophyllinum.</span> 
     </span>
    </p>
   </div>
   <div class='ocr_carea' id='block_1_4' title="bbox 422 2478 1631 3722">
    <p class='ocr_par' dir='ltr' id='par_1_6' title="bbox 431 2478 1631 2701">
     <span class='ocr_line' id='line_1_14' title="bbox 545 2478 1631 2578; baseline 0.001 -27.997"><span class='ocrx_word' id='word_1_66' title='bbox 545 2478 802 2578; x_wconf 75' lang='lat' dir='ltr'>Podoplryllum</span> <span class='ocrx_word' id='word_1_67' title='bbox 815 2479 990 2577; x_wconf 80' lang='lat' dir='ltr'>pellatam</span> <span class='ocrx_word' id='word_1_68' title='bbox 1010 2480 1277 2570; x_wconf 82' lang='lat' dir='ltr'>WilldenoW‚</span> <span class='ocrx_word' id='word_1_69' title='bbox 1297 2482 1427 2576; x_wconf 91' lang='lat' dir='ltr'>planta</span> <span class='ocrx_word' id='word_1_70' title='bbox 1440 2479 1631 2574; x_wconf 68' lang='lat' dir='ltr'>perennis</span> 
     </span>
     <span class='ocr_line' id='line_1_15' title="bbox 431 2608 1025 2701; baseline -0.002 -19"><span class='ocrx_word' id='word_1_71' title='bbox 431 2608 608 2701; x_wconf 77' lang='lat' dir='ltr'>indigena</span> <span class='ocrx_word' id='word_1_72' title='bbox 625 2608 665 2681; x_wconf 93' lang='lat' dir='ltr'>in</span> <span class='ocrx_word' id='word_1_73' title='bbox 683 2608 856 2682; x_wconf 84' lang='lat' dir='ltr'>America</span> <span class='ocrx_word' id='word_1_74' title='bbox 874 2608 1025 2682; x_wconf 90' lang='lat' dir='ltr'>boreali.</span> 
     </span>
    </p>

    <p class='ocr_par' dir='ltr' id='par_1_7' title="bbox 427 2735 1627 3085">
     <span class='ocr_line' id='line_1_16' title="bbox 538 2735 1626 2830; baseline -0.003 -20"><span class='ocrx_word' id='word_1_75' title='bbox 538 2736 808 2830; x_wconf 89' lang='lat' dir='ltr'>Praeparatum</span> <span class='ocrx_word' id='word_1_76' title='bbox 840 2736 880 2809; x_wconf 88' lang='lat' dir='ltr'>in</span> <span class='ocrx_word' id='word_1_77' title='bbox 912 2736 1072 2811; x_wconf 88' lang='lat' dir='ltr'>officinis</span> <span class='ocrx_word' id='word_1_78' title='bbox 1107 2736 1283 2810; x_wconf 79' lang='lat' dir='ltr'>chemicis</span> <span class='ocrx_word' id='word_1_79' title='bbox 1321 2737 1377 2809; x_wconf 87' lang='lat' dir='ltr'>via</span> <span class='ocrx_word' id='word_1_80' title='bbox 1408 2735 1626 2830; x_wconf 89' lang='lat' dir='ltr'>praecipita·</span> 
     </span>
     <span class='ocr_line' id='line_1_17' title="bbox 427 2863 1627 2958; baseline -0.002 -20"><span class='ocrx_word' id='word_1_81' title='bbox 427 2864 540 2939; x_wconf 89' lang='lat' dir='ltr'>tionis</span> <span class='ocrx_word' id='word_1_82' title='bbox 574 2863 727 2939; x_wconf 82' lang='lat' dir='ltr'>extracti</span> <span class='ocrx_word' id='word_1_83' title='bbox 760 2864 954 2938; x_wconf 88' lang='lat' dir='ltr'>alcohotici</span> <span class='ocrx_word' id='word_1_84' title='bbox 986 2864 1123 2938; x_wconf 85' lang='lat' dir='ltr'>radicis</span> <span class='ocrx_word' id='word_1_85' title='bbox 1151 2863 1373 2958; x_wconf 88' lang='lat' dir='ltr'>Podophylti</span> <span class='ocrx_word' id='word_1_86' title='bbox 1401 2885 1488 2938; x_wconf 91' lang='lat' dir='ltr'>cum</span> <span class='ocrx_word' id='word_1_87' title='bbox 1516 2884 1627 2956; x_wconf 82' lang='lat' dir='ltr'>aqua,</span> 
     </span>
     <span class='ocr_line' id='line_1_18' title="bbox 428 2992 1274 3085; baseline 0.001 -20"><span class='ocrx_word' id='word_1_88' title='bbox 428 2992 536 3066; x_wconf 88' lang='lat' dir='ltr'>acido</span> <span class='ocrx_word' id='word_1_89' title='bbox 555 2992 843 3085; x_wconf 84' lang='lat' dir='ltr'>hydrocblorico</span> <span class='ocrx_word' id='word_1_90' title='bbox 864 2992 1051 3066; x_wconf 90' lang='lat' dir='ltr'>acidulata</span> <span class='ocrx_word' id='word_1_91' title='bbox 1069 2993 1274 3066; x_wconf 89' lang='lat' dir='ltr'>obtentum.</span> 
     </span>
    </p>

    <p class='ocr_par' dir='ltr' id='par_1_8' title="bbox 425 3116 1625 3467">
     <span class='ocr_line' id='line_1_19' title="bbox 534 3116 1625 3213; baseline -0.001 -21"><span class='ocrx_word' id='word_1_92' title='bbox 534 3119 662 3192; x_wconf 89' lang='lat' dir='ltr'>Pulvis</span> <span class='ocrx_word' id='word_1_93' title='bbox 695 3119 903 3213; x_wconf 87' lang='lat' dir='ltr'>amorphus</span> <span class='ocrx_word' id='word_1_94' title='bbox 937 3119 1073 3193; x_wconf 89' lang='lat' dir='ltr'>coloris</span> <span class='ocrx_word' id='word_1_95' title='bbox 1107 3118 1309 3209; x_wconf 73' lang='lat' dir='ltr'>suberunt</span> <span class='ocrx_word' id='word_1_96' title='bbox 1343 3141 1363 3193; x_wconf 92' lang='lat' dir='ltr'>e</span> <span class='ocrx_word' id='word_1_97' title='bbox 1395 3118 1503 3193; x_wconf 84' lang='lat' dir='ltr'>viridi</span> <span class='ocrx_word' id='word_1_98' title='bbox 1539 3116 1625 3192; x_wconf 80' lang='lat' dir='ltr'>flavi</span> 
     </span>
     <span class='ocr_line' id='line_1_20' title="bbox 427 3245 1625 3336; baseline -0.002 -16"><span class='ocrx_word' id='word_1_99' title='bbox 427 3251 492 3320; x_wconf 88' lang='lat' dir='ltr'>aut</span> <span class='ocrx_word' id='word_1_100' title='bbox 517 3267 563 3319; x_wconf 82' lang='lat' dir='ltr'>ex</span> <span class='ocrx_word' id='word_1_101' title='bbox 587 3246 803 3320; x_wconf 88' lang='lat' dir='ltr'>aurantiaco</span> <span class='ocrx_word' id='word_1_102' title='bbox 822 3245 929 3336; x_wconf 85' lang='lat' dir='ltr'>fusci,</span> <span class='ocrx_word' id='word_1_103' title='bbox 955 3247 1156 3321; x_wconf 88' lang='lat' dir='ltr'>calefactus</span> <span class='ocrx_word' id='word_1_104' title='bbox 1181 3248 1346 3320; x_wconf 90' lang='lat' dir='ltr'>colorem</span> <span class='ocrx_word' id='word_1_105' title='bbox 1366 3245 1625 3320; x_wconf 90' lang='lat' dir='ltr'>obscuriorem</span> 
     </span>
     <span class='ocr_line' id='line_1_21' title="bbox 425 3372 1460 3467; baseline 0.001 -21"><span class='ocrx_word' id='word_1_106' title='bbox 425 3372 621 3467; x_wconf 75' lang='lat' dir='ltr'>recipiens</span> <span class='ocrx_word' id='word_1_107' title='bbox 640 3373 767 3448; x_wconf 87' lang='lat' dir='ltr'>odoris</span> <span class='ocrx_word' id='word_1_108' title='bbox 787 3374 985 3467; x_wconf 85' lang='lat' dir='ltr'>peculiaris</span> <span class='ocrx_word' id='word_1_109' title='bbox 1004 3373 1147 3465; x_wconf 76' lang='lat' dir='ltr'>ingrati,</span> <span class='ocrx_word' id='word_1_110' title='bbox 1167 3373 1314 3467; x_wconf 89' lang='lat' dir='ltr'>saporis</span> <span class='ocrx_word' id='word_1_111' title='bbox 1334 3373 1460 3447; x_wconf 86' lang='lat' dir='ltr'>amari</span> 
     </span>
    </p>

    <p class='ocr_par' dir='ltr' id='par_1_9' title="bbox 422 3499 1623 3722">
     <span class='ocr_line' id='line_1_22' title="bbox 534 3499 1623 3594; baseline 0 -22"><span class='ocrx_word' id='word_1_112' title='bbox 534 3499 630 3573; x_wconf 87' lang='lat' dir='ltr'>Cum</span> <span class='ocrx_word' id='word_1_113' title='bbox 658 3522 759 3593; x_wconf 88' lang='lat' dir='ltr'>aqua</span> <span class='ocrx_word' id='word_1_114' title='bbox 786 3501 918 3592; x_wconf 78' lang='lat' dir='ltr'>frigida</span> <span class='ocrx_word' id='word_1_115' title='bbox 947 3506 1225 3593; x_wconf 86' lang='lat' dir='ltr'>conquassatus</span> <span class='ocrx_word' id='word_1_116' title='bbox 1244 3500 1419 3574; x_wconf 85' lang='lat' dir='ltr'>filtrando</span> <span class='ocrx_word' id='word_1_117' title='bbox 1437 3500 1623 3594; x_wconf 87' lang='lat' dir='ltr'>liquorem</span> 
     </span>
     <span class='ocr_line' id='line_1_23' title="bbox 422 3627 1623 3722; baseline 0 -23"><span class='ocrx_word' id='word_1_118' title='bbox 422 3627 579 3722; x_wconf 89' lang='lat' dir='ltr'>praebet</span> <span class='ocrx_word' id='word_1_119' title='bbox 623 3627 701 3701; x_wconf 88' lang='lat' dir='ltr'>fere</span> <span class='ocrx_word' id='word_1_120' title='bbox 735 3627 951 3701; x_wconf 90' lang='lat' dir='ltr'>decolorem</span> <span class='ocrx_word' id='word_1_121' title='bbox 984 3633 1049 3701; x_wconf 91' lang='lat' dir='ltr'>aut</span> <span class='ocrx_word' id='word_1_122' title='bbox 1081 3628 1236 3720; x_wconf 89' lang='lat' dir='ltr'>paulum</span> <span class='ocrx_word' id='word_1_123' title='bbox 1268 3628 1534 3701; x_wconf 86' lang='lat' dir='ltr'>flavescentem</span> <span class='ocrx_word' id='word_1_124' title='bbox 1566 3648 1623 3700; x_wconf 90' lang='lat' dir='ltr'>re·</span> 
     </span>
    </p>
   </div>
   <div class='ocr_carea' id='block_1_5' title="bbox 275 3755 1623 3849">
    <p class='ocr_par' dir='ltr' id='par_1_10' title="bbox 275 3755 1623 3849">
     <span class='ocr_line' id='line_1_24' title="bbox 275 3755 1623 3849; baseline -0.001 -20"><span class='ocrx_word' id='word_1_125' title='bbox 275 3836 280 3846; x_wconf 58' lang='grc'><strong>,</strong></span> <span class='ocrx_word' id='word_1_126' title='bbox 426 3755 583 3829; x_wconf 86' lang='lat' dir='ltr'>actionis</span> <span class='ocrx_word' id='word_1_127' title='bbox 612 3755 792 3845; x_wconf 89' lang='lat' dir='ltr'>acidulae,</span> <span class='ocrx_word' id='word_1_128' title='bbox 828 3755 974 3849; x_wconf 87' lang='lat' dir='ltr'>saporis</span> <span class='ocrx_word' id='word_1_129' title='bbox 1004 3755 1130 3845; x_wconf 82' lang='lat' dir='ltr'>amari</span> <span class='ocrx_word' id='word_1_130' title='bbox 1164 3756 1228 3849; x_wconf 92' lang='lat' dir='ltr'>qui</span> <span class='ocrx_word' id='word_1_131' title='bbox 1262 3755 1406 3829; x_wconf 89' lang='lat' dir='ltr'>adiecto</span> <span class='ocrx_word' id='word_1_132' title='bbox 1434 3755 1533 3828; x_wconf 87' lang='lat' dir='ltr'>ferro</span> <span class='ocrx_word' id='word_1_133' title='bbox 1563 3775 1623 3828; x_wconf 88' lang='lat' dir='ltr'>se-</span> 
     </span>
    </p>
   </div>
   <div class='ocr_carea' id='block_1_6' title="bbox 423 3881 1622 4739">
    <p class='ocr_par' dir='ltr' id='par_1_11' title="bbox 429 3881 1383 3974">
     <span class='ocr_line' id='line_1_25' title="bbox 429 3881 1383 3974; baseline -0.001 -18"><span class='ocrx_word' id='word_1_134' title='bbox 429 3881 684 3974; x_wconf 85' lang='lat' dir='ltr'>squicblorato</span> <span class='ocrx_word' id='word_1_135' title='bbox 704 3884 828 3956; x_wconf 91' lang='lat' dir='ltr'>soluto</span> <span class='ocrx_word' id='word_1_136' title='bbox 849 3882 1015 3956; x_wconf 88' lang='lat' dir='ltr'>colorem</span> <span class='ocrx_word' id='word_1_137' title='bbox 1034 3882 1242 3956; x_wconf 86' lang='lat' dir='ltr'>olivaceum</span> <span class='ocrx_word' id='word_1_138' title='bbox 1260 3882 1383 3956; x_wconf 86' lang='lat' dir='ltr'>trahit.</span> 
     </span>
    </p>

    <p class='ocr_par' dir='ltr' id='par_1_12' title="bbox 425 4007 1622 4463">
     <span class='ocr_line' id='line_1_26' title="bbox 534 4007 1621 4104; baseline -0.001 -21"><span class='ocrx_word' id='word_1_139' title='bbox 534 4010 677 4083; x_wconf 88' lang='lat' dir='ltr'>Resina</span> <span class='ocrx_word' id='word_1_140' title='bbox 703 4009 924 4102; x_wconf 73' lang='lat' dir='ltr'>Podophylli</span> <span class='ocrx_word' id='word_1_141' title='bbox 954 4031 999 4082; x_wconf 83' lang='lat' dir='ltr'>ex</span> <span class='ocrx_word' id='word_1_142' title='bbox 1027 4013 1105 4083; x_wconf 90' lang='lat' dir='ltr'>toto</span> <span class='ocrx_word' id='word_1_143' title='bbox 1134 4011 1291 4084; x_wconf 86' lang='lat' dir='ltr'>solvitur</span> <span class='ocrx_word' id='word_1_144' title='bbox 1322 4009 1362 4083; x_wconf 91' lang='lat' dir='ltr'>in</span> <span class='ocrx_word' id='word_1_145' title='bbox 1380 4009 1512 4104; x_wconf 87' lang='lat' dir='ltr'>spiritu</span> <span class='ocrx_word' id='word_1_146' title='bbox 1530 4007 1621 4098; x_wconf 88' lang='lat' dir='ltr'>vini;</span> 
     </span>
     <span class='ocr_line' id='line_1_27' title="bbox 428 4135 1622 4229; baseline 0 -20"><span class='ocrx_word' id='word_1_147' title='bbox 428 4136 552 4229; x_wconf 90' lang='lat' dir='ltr'>liquor</span> <span class='ocrx_word' id='word_1_148' title='bbox 570 4136 657 4210; x_wconf 89' lang='lat' dir='ltr'>inde</span> <span class='ocrx_word' id='word_1_149' title='bbox 677 4142 795 4224; x_wconf 72' lang='lat' dir='ltr'>ortus</span> <span class='ocrx_word' id='word_1_150' title='bbox 812 4135 948 4209; x_wconf 87' lang='lat' dir='ltr'>coloris</span> <span class='ocrx_word' id='word_1_151' title='bbox 968 4137 1100 4211; x_wconf 86' lang='lat' dir='ltr'>essavo</span> <span class='ocrx_word' id='word_1_152' title='bbox 1118 4138 1179 4211; x_wconf 83' lang='lat' dir='ltr'>vel</span> <span class='ocrx_word' id='word_1_153' title='bbox 1198 4159 1218 4211; x_wconf 92' lang='lat' dir='ltr'>e</span> <span class='ocrx_word' id='word_1_154' title='bbox 1238 4136 1353 4211; x_wconf 89' lang='lat' dir='ltr'>rubro</span> <span class='ocrx_word' id='word_1_155' title='bbox 1367 4136 1473 4226; x_wconf 85' lang='lat' dir='ltr'>susci,</span> <span class='ocrx_word' id='word_1_156' title='bbox 1493 4136 1622 4209; x_wconf 87' lang='lat' dir='ltr'>addito</span> 
     </span>
     <span class='ocr_line' id='line_1_28' title="bbox 425 4263 1622 4356; baseline 0.002 -21"><span class='ocrx_word' id='word_1_157' title='bbox 425 4264 525 4336; x_wconf 87' lang='lat' dir='ltr'>ferro</span> <span class='ocrx_word' id='word_1_158' title='bbox 565 4263 863 4356; x_wconf 83' lang='lat' dir='ltr'>sesquichlorato</span> <span class='ocrx_word' id='word_1_159' title='bbox 907 4263 1030 4336; x_wconf 89' lang='lat' dir='ltr'>soluto</span> <span class='ocrx_word' id='word_1_160' title='bbox 1065 4264 1229 4337; x_wconf 87' lang='lat' dir='ltr'>colorem</span> <span class='ocrx_word' id='word_1_161' title='bbox 1267 4265 1428 4338; x_wconf 90' lang='lat' dir='ltr'>obscure</span> <span class='ocrx_word' id='word_1_162' title='bbox 1465 4264 1622 4337; x_wconf 87' lang='lat' dir='ltr'>viridem</span> 
     </span>
     <span class='ocr_line' id='line_1_29' title="bbox 427 4389 867 4463; baseline 0.002 -1"><span class='ocrx_word' id='word_1_163' title='bbox 427 4394 493 4463; x_wconf 89' lang='lat' dir='ltr'>aut</span> <span class='ocrx_word' id='word_1_164' title='bbox 512 4390 719 4463; x_wconf 83' lang='lat' dir='ltr'>olivaceum</span> <span class='ocrx_word' id='word_1_165' title='bbox 738 4389 867 4463; x_wconf 86' lang='lat' dir='ltr'>induit</span> 
     </span>
    </p>

    <p class='ocr_par' dir='ltr' id='par_1_13' title="bbox 423 4516 1621 4739">
     <span class='ocr_line' id='line_1_30' title="bbox 532 4516 1621 4612; baseline 0.002 -22"><span class='ocrx_word' id='word_1_166' title='bbox 532 4516 561 4590; x_wconf 84' lang='lat' dir='ltr'>E</span> <span class='ocrx_word' id='word_1_167' title='bbox 596 4516 783 4590; x_wconf 90' lang='lat' dir='ltr'>solutione</span> <span class='ocrx_word' id='word_1_168' title='bbox 818 4517 1024 4591; x_wconf 88' lang='lat' dir='ltr'>alcoholica</span> <span class='ocrx_word' id='word_1_169' title='bbox 1048 4517 1190 4592; x_wconf 90' lang='lat' dir='ltr'>Resina</span> <span class='ocrx_word' id='word_1_170' title='bbox 1223 4540 1309 4592; x_wconf 91' lang='lat' dir='ltr'>cum</span> <span class='ocrx_word' id='word_1_171' title='bbox 1339 4540 1439 4610; x_wconf 88' lang='lat' dir='ltr'>aqua</span> <span class='ocrx_word' id='word_1_172' title='bbox 1467 4517 1621 4612; x_wconf 91' lang='lat' dir='ltr'>copiose</span> 
     </span>
     <span class='ocr_line' id='line_1_31' title="bbox 423 4644 1621 4739; baseline 0.001 -21"><span class='ocrx_word' id='word_1_173' title='bbox 423 4644 697 4739; x_wconf 70' lang='lat' dir='ltr'>praecipitatam.</span> <span class='ocrx_word' id='word_1_174' title='bbox 726 4644 866 4736; x_wconf 90' lang='lat' dir='ltr'>Liquor</span> <span class='ocrx_word' id='word_1_175' title='bbox 883 4645 971 4719; x_wconf 90' lang='lat' dir='ltr'>inde</span> <span class='ocrx_word' id='word_1_176' title='bbox 992 4651 1125 4719; x_wconf 89' lang='lat' dir='ltr'>enatus</span> <span class='ocrx_word' id='word_1_177' title='bbox 1146 4645 1328 4738; x_wconf 89' lang='lat' dir='ltr'>turbidus,</span> <span class='ocrx_word' id='word_1_178' title='bbox 1357 4647 1512 4738; x_wconf 87' lang='lat' dir='ltr'>lacteus,</span> <span class='ocrx_word' id='word_1_179' title='bbox 1533 4666 1621 4719; x_wconf 91' lang='lat' dir='ltr'>cum</span> 
     </span>
    </p>
   </div>
   <div class='ocr_carea' id='block_1_7' title="bbox 0 0 1868 5400">
    <p class='ocr_par' dir='ltr' id='par_1_14' title="bbox 0 0 1868 5400">
     <span class='ocr_line' id='line_1_32' title="bbox 0 0 1868 5400; baseline 0 4"><span class='ocrx_word' id='word_1_180' title='bbox 0 0 1868 5400; x_wconf 95' lang='lat' dir='ltr'> </span> 
     </span>
    </p>
   </div>
  </div>
 </body>
</html>
