3725 5400
742 491 976 563 -107-

375 704 503 801 Coqua
517 728 603 781 cum
614 708 822 782 sufficiente
834 707 1040 801 quantitate
1055 727 1175 800 aquae
1190 708 1262 780 sub
1278 706 1456 781 continua

265 835 475 928 agitatione,
495 857 633 930 aquam
652 834 892 929 evaporando
913 835 1165 939 aufugientcm
1180 834 1339 908 subinde
1354 856 1453 910 com·

265 963 473 1056 pensanda,
504 963 624 1038 donec
643 964 839 1058 plumbum
859 963 1063 1057 oxydatum
1091 963 1202 1056 plane
1232 962 1456 1056 dispmuerit

266 1093 303 1162 et
320 1111 450 1164 massa
467 1090 605 1164 iustam
624 1091 815 1185 emplastri
834 1091 1116 1166 consistentiam
1135 1089 1305 1183 attigerit.

374 1216 628 1311 Emplastrum
665 1219 790 1294 adbuc
827 1218 989 1293 calidum
1025 1217 1251 1292 malaxando
1298 1216 1457 1291 iteratim

268 1365 355 1418 cum
383 1366 483 1439 aqua
511 1346 630 1420 calida
647 1347 764 1420 libera
783 1369 806 1420 a
824 1346 1012 1441 glyce1in0
1031 1350 1069 1420 et
1087 1349 1168 1420 tum
1187 1345 1260 1420 sub
1280 1345 1458 1419 continua

267 1472 467 1564 agitatione
486 1472 737 1547 calefaciendo
757 1474 805 1547 ab
825 1495 935 1566 aqua.

374 1597 628 1692 Emplastrum
656 1598 804 1674 Plumbi
832 1599 991 1693 simplex
1025 1603 1083 1673 est
1114 1599 1250 1673 coloris
1284 1621 1304 1674 e
1334 1599 1457 1693 glisco

268 1724 357 1816 albi;
385 1746 434 1799 ne
463 1725 512 1799 sit
540 1724 721 1801 viscidum
745 1747 869 1820 neque
888 1725 1077 1801 contineat
1094 1725 1297 1820 particulas
1316 1726 1459 1821 plumbi
1564 1812 1568 1819 ,

268 1851 428 1946 oxydati.

376 2282 378 2285 .
503 2174 861 2346 Emplastmn
891 2182 1223 2346 sapanatun.

268 2431 343 2526 Rp:
371 2435 553 2529 Emplastri
569 2435 700 2507 Plumbi
718 2435 880 2526 simplicis
1186 2438 1312 2530 partes
1396 2433 1445 2507 75

377 2562 595 2635 caracallae
1190 2567 1313 2658 partes
1399 2561 1459 2635 13.

342 2688 434 2764 Leni
454 2689 576 2764 calore
594 2688 744 2783 liquatis
764 2689 861 2764 adde

379 2819 517 2909 Saponis
536 2819 746 2891 medicinalis
765 2828 820 2901 (Vb
1191 2822 1315 2912 partes
1426 2816 1462 2889 7.

223 2993 226 3000 ·
342 2943 458 3018 Misce
478 2943 710 3019 exactissime
731 2948 768 3019 et
785 2965 937 3018 massae
957 2942 1288 3036 semireirigeratae
1308 2944 1405 3017 adde

381 3073 453 3144 blei
471 3074 679 3164 camphoratl
1187 3076 1314 3166 partes
1425 3069 1461 3143 5.

183 3301 185 3306 γ
342 3197 469 3289 Misce,
509 3198 575 3272 fiat
602 3198 856 3294 Emplastrum
888 3198 1024 3273 coloris
1057 3198 1179 3290 albidi,
1208 3196 1465 3291 Camphoram

271 3325 457 3401 redolens.

329 3649 684 3821 Emplastrun
712 3654 1025 3821 sapanatun
1054 3647 1409 3818 salicylatun.

270 3888 345 3983 Rp:
373 3892 556 3982 Emplastrl
574 3893 729 3982 sapanati
1190 3892 1314 3982 parta
1397 3886 1448 3960 85

380 4018 482 4091 Gerae
501 4019 598 4091 albae
1191 4020 1314 4110 partes
1426 4014 1462 4087 5.

345 4142 619 4237 Galliqueiactis
639 4142 802 4217 admisce
823 4141 1056 4216 exactissime

379 4272 475 4344 Acili
493 4272 660 4363 sallcyllci
1191 4271 1316 4362 partas
1403 4267 1462 4340 10.

346 4395 427 4470 Fiat
444 4396 696 4489 Emplastrum
716 4395 851 4469 coloris
870 4394 956 4468 flavi
975 4398 1040 4468 aut
1057 4393 1294 4467 rubra-fusci
1320 4477 1323 4482 ¹
