3725 5400
738 516 948 588 -35..

356 729 462 804 Stant
489 732 528 803 in
555 730 692 822 lagena
714 731 853 824 optime
879 732 1053 805 obturata
1081 730 1235 824 saepius
1264 730 1441 823 agitando

248 877 316 950 per
335 857 479 950 aliquot
498 857 579 931 dies
597 878 722 951 usque
743 857 792 931 ad
811 859 1040 933 solutionem
1057 858 1259 933 miscellae.

353 983 504 1058 Massae
516 984 663 1060 solutae
674 985 771 1059 adde
786 984 992 1060 miscellam
1006 985 1243 1080 aequabilem
1258 990 1442 1078 anteapa-

244 1116 405 1185 ratame

355 1241 501 1313 Bdsanl
520 1242 684 1334 Gopaivae

354 1369 498 1441 &sinae
518 1368 713 1460 dolophonll
1079 1363 1126 1438 ὦ
1140 1364 1308 1462 partibus
1417 1367 1443 1439 4

353 1497 469 1586 Adlpls
488 1496 599 1567 Lanae

356 1622 456 1694 Gerae
476 1624 584 1694 laroc
679 1672 683 1677 -

353 1749 499 1831 Redime
518 1751 710 1823 sandaraca
1078 1745 1306 1844 departibor
1418 1747 1441 1819 0

353 1877 489 1949 Radlcls
507 1878 607 1950 lrldis
627 1888 685 1959 (Vl)
1139 1872 1308 1971 partibus
1418 1876 1441 1948 9

353 2005 511 2077 Aetheris
1134 1999 1304 2099 pertidus
1381 2003 1441 2075 16.

319 2129 544 2223 Conquassa
563 2131 726 2225 saepius
746 2136 791 2204 ut
809 2130 876 2204 fiat
892 2152 1023 2204 massa
1040 2131 1202 2224 perfecte
1222 2129 1442 2223 aequabilis

244 2279 361 2351 quam
389 2257 570 2332 extendas
599 2257 882 2333 accuratissime
911 2279 1029 2352 supra
1055 2258 1224 2348 linteum,
1252 2256 1443 2332 aetherem

245 2385 485 2479 evaporando
505 2389 761 2479 temperatura
779 2384 979 2459 ordinaria

430 2672 883 2845 dolemplaslrun
915 2671 1270 2842 salicylaturn.

246 2896 321 2988 Rp:
355 2899 450 2970 haldi
469 2894 640 2989 sallcyllcl
1184 2903 1308 2990 parter
1418 2898 1444 2971 4

320 3023 505 3098 subtiliter
524 3024 702 3097 contritas
722 3045 809 3097 cum

355 3153 512 3225 Aetheris
531 3152 679 3225 Petrolel
1141 3147 1309 3244 partibus
1392 3149 1444 3223 00

354 3281 482 3351 Marsae
502 3279 748 3370 dollcnplastrl
767 3279 944 3351 adhaeslri
1184 3283 1307 3373 partes
1358 3279 1444 3352 100.

319 3404 435 3479 Misce
462 3406 501 3478 in
530 3406 666 3498 lagena
693 3404 845 3500 saepius
885 3405 1062 3497 agitando
1088 3411 1125 3480 et
1156 3426 1325 3480 massam
1362 3427 1444 3499 per·

246 3533 384 3607 factam
398 3554 515 3625 supra
528 3533 686 3607 linteum
701 3532 860 3606 extende
881 3532 1172 3622 accuratissime,
1191 3536 1447 3627 temperatura

247 3659 441 3734 ordinaria
459 3661 648 3734 aetherem
668 3660 922 3753 evaporando,

357 3787 450 3861 Pars
494 3788 510 3860 l
547 3786 821 3881 Collemplastri
857 3785 1042 3880 salicylati
1079 3785 1263 3861 decimam
1299 3790 1446 3880 partem

246 3915 343 3989 acidi
363 3915 539 4008 salicylici
559 3914 758 3988 contineat

655 4124 661 4134 ι
696 4200 999 4336 Collodiun.

360 4425 500 4518 Liquor
551 4422 680 4518 syropi
722 4423 991 4497 consistentiae
1044 4424 1206 4513 decolor,
1255 4422 1444 4516 limpidus

247 4551 439 4627 aetherem
466 4550 654 4640 redolens,
684 4554 841 4643 paratus
870 4551 1053 4625 solvendo
1083 4548 1306 4644 gossypium
1332 4549 1445 4623 collo·

247 4679 373 4754 dicum
390 4679 430 4753 in
448 4678 617 4753 miscella
635 4697 681 4751 ex
700 4677 853 4752 aethere
872 4681 909 4751 et
927 4677 1061 4770 spiritu
1078 4677 1166 4751 vini.
