3725 5400
714 464 951 536 -171-

234 682 472 774 integerrima
500 680 670 773 margine
690 681 1209 777 subdiapbanocartilagineo
1236 686 1351 783 plano
1370 687 1429 781 rel

235 808 489 894 subreroluto,
519 808 639 881 ciliato
665 814 730 881 aut
749 809 899 901 saepius
925 809 1067 901 glabro,
1091 811 1278 905 utrimque
1297 813 1426 901 laevia,

133 987 138 1001 .
235 935 400 1022 nitentia,
416 935 651 1028 glaberrima,
672 934 1027 1009 reticulato-venosa
1045 937 1171 1011 nervis
1190 939 1325 1013 subtus
1344 961 1429 1034 pro-

235 1063 475 1151 minentibus,
500 1083 662 1155 superne
702 1062 904 1155 depressis,
933 1082 1073 1153 crassa,
1102 1066 1280 1155 coriacea,
1300 1067 1429 1160 rigida,

236 1194 401 1264 saturate
418 1190 561 1279 viridia,
572 1190 706 1265 subtus
718 1191 872 1284 paulum
882 1190 1089 1282 pallidiora,
1100 1192 1270 1283 inodora,
1282 1195 1428 1288 saporis

236 1317 503 1409 adstringentis
523 1323 560 1391 et
578 1318 779 1392 subamari.

343 1445 488 1519 Siccata
511 1449 708 1518 serventur
725 1466 795 1519 nec
811 1445 1077 1538 dispensentur
1094 1446 1168 1519 nisi
1187 1448 1339 1521 concisa
1359 1446 1429 1541 (il).

344 1571 424 1666 Ope
456 1571 693 1666 microscopii
726 1572 958 1645 observabis:
1002 1572 1154 1646 cellulas
1193 1574 1430 1667 epidermidis

233 1702 457 1794 polygonas3
515 1703 678 1774 stomata
731 1700 953 1793 plerumque
1004 1700 1095 1774 bina
1144 1722 1266 1794 usque
1315 1703 1430 1796 qirina

236 1829 416 1921 gregatim
472 1827 731 1920 approximata
792 1826 941 1920 singula
1001 1827 1230 1901 circumdata
1290 1830 1430 1903 cellulis

235 1954 406 2047 angustis
447 1955 667 2028 accessoriis
710 1954 835 2028 solum
872 1956 911 2028 in
949 1954 1086 2048 pagina
1126 1955 1203 2029 folii
1240 1955 1429 2043 inferiore;

235 2082 512 2176 mesopbyllum
550 2082 818 2155 dorsiventrale
857 2087 974 2156 strato
1007 2082 1229 2175 pluriseriali
1266 2105 1286 2156 e
1321 2085 1430 2158 cellu-

233 2209 279 2282 lis
307 2209 566 2303 palilormibus
594 2209 770 2282 brevibus
799 2210 996 2282 continens
1025 2209 1064 2282 in
1093 2209 1234 2284 cellulis
1263 2211 1431 2305 plurimis

234 2336 484 2410 substantiam
502 2337 692 2410 tannicam
719 2358 796 2410 una
824 2358 911 2410 cum
940 2337 1105 2430 granulis
1139 2338 1262 2430 amyli,
1292 2338 1331 2412 in
1349 2359 1431 2431 per·

233 2463 360 2537 multis
414 2465 609 2557 crystallos
660 2464 848 2557 simplices
901 2464 1005 2538 calcii
1056 2464 1197 2553 oxalici,
1252 2486 1348 2558 quae
1396 2471 1432 2538 et

234 2592 470 2684 reperiuntur
511 2592 550 2664 in
590 2590 695 2664 tib1is
742 2590 983 2682 leptodermis
1020 2592 1190 2665 loculatis
1228 2592 1427 2666 fasciculos

231 2739 423 2808 vasonum,
451 2719 688 2793 abundantes
718 2718 912 2792 elementis
936 2719 1295 2812 proseuchymaticis
1319 2720 1427 2795 valde

231 2845 448 2920 incrassatis
469 2846 741 2944 comitantibus,

340 2947 468 3047 Pulvis
496 2972 687 3047 Foliorum
705 2972 945 3048 humectatus
965 2974 1151 3047 solutione
1175 2971 1267 3046 terri<
1281 2975 1425 3066 sesqui·

231 3100 388 3174 chlorati
408 3101 573 3174 colorem
592 3101 707 3174 viride
728 3102 943 3175 caemleum
963 3101 1101 3193 accipit

339 3227 479 3321 Liquor
503 3228 688 3301 obtentus
721 3230 972 3302 maceratione
995 3228 1185 3301 Foliorum
1214 3248 1299 3300 cum
1328 3248 1427 3319 aqua

233 3355 268 3449 (1
286 3385 334 3419 =
348 3353 413 3444 50)
434 3354 560 3427 addito
577 3355 733 3447 granulo
753 3355 841 3428 feni
861 3355 1027 3429 sulfurici
1046 3354 1296 3428 sedimentum
1315 3354 1427 3427 viola-

229 3503 340 3555 ceum
369 3481 535 3556 demittit.
584 3483 659 3556 100
678 3483 869 3557 Foliorum
887 3469 1013 3577 partes
1031 3504 1081 3578 ne
1105 3482 1318 3574 relinquant
1341 3481 1426 3575 plus

232 3629 346 3701 quam
364 3613 490 3702 partes
511 3609 536 3682 t
556 3609 701 3684 cineris,
1410 3605 1414 3614 ’

337 3734 391 3809 Ne
430 3735 710 3810 confundantur
751 3736 847 3810 loliis
887 3735 1044 3821 Vocciuii
1078 3734 1170 3843 Vitis
1208 3734 1313 3807 Ideoe
1356 3734 1407 3825 (L.

228 3863 398 3956 margine
454 3868 595 3937 remote
653 3863 854 3954 saumatis
911 3865 1046 3937 subtus
1102 3862 1426 3955 tusco-punctalis·

230 4011 354 4085 neque
373 3990 470 4063 soliis
502 3988 657 4063 Voccinii
681 3989 845 4087 uliginosi
863 3991 927 4084 (L.)
948 3989 1257 4076 membranaceis
1292 3990 1427 4061 subtus

229 4119 384 4209 glaucis.
454 4149 457 4156 ⁸
