3725 5400
891 405 1128 477 -168-

519 621 624 694 Folia
660 619 836 693 radicalia
862 621 1102 694 lactescentia
1134 621 1532 713 oblongo-lanceolata,
1566 622 1605 695 in

411 748 591 842 petiolum
611 753 821 840 angustata,
856 749 1051 822 runcinata
1071 749 1213 822 laciniis
1231 749 1467 841 triangulatis
1487 750 1606 823 acutis

412 876 690 966 acuminatisve,
711 876 872 949 dentatis
894 881 959 949 aut
976 877 1233 969 integerrimis,
1263 876 1408 950 lacinio
1421 876 1608 950 terminali

411 1004 632 1098 plerumque
659 1002 890 1097 palaesormi,
924 1003 1055 1091 laevia,
1085 1004 1211 1093 nitida,
1246 1004 1385 1096 glabra,
1418 1004 1607 1078 interdum

413 1129 629 1220 subvillosa,
649 1130 820 1218 inodora,
839 1131 989 1223 saporis
1009 1131 1137 1204 amari

522 1255 738 1349 Colligenda
755 1278 843 1330 vere
863 1261 949 1329 ante
970 1259 1073 1351 scapi
1090 1258 1240 1332 floriferi
1257 1259 1461 1350 perfectam
1480 1259 1606 1332 evolu-

413 1384 552 1458 tionem
572 1387 609 1456 et
627 1383 766 1457 siccata
783 1383 1009 1457 adhibenda.

527 1511 602 1585 100
639 1514 764 1606 partes
810 1510 1001 1584 Foliorum
1047 1534 1095 1585 ne
1143 1513 1228 1606 plus
1266 1535 1380 1605 quam
1408 1516 1534 1605 partes
1558 1513 1607 1586 16

414 1638 547 1712 cineris
568 1637 780 1712 exhibeant.

825 1925 974 2060 lolia
1005 1926 1201 2062 lbcac.

528 2146 622 2220 Theo
646 2144 829 2220 Utinensis
860 2147 911 2237 L,
932 2147 1057 2221 frutex
1074 2148 1114 2221 in
1131 2147 1258 2222 Indiae
1283 2149 1472 2223 orientalis
1491 2170 1608 2242 regno

416 2278 555 2354 Assarn
573 2279 783 2372 indigenuS,
809 2276 956 2367 ibidem,
984 2277 1024 2349 in
1043 2275 1162 2349 China
1188 2297 1257 2351 nec
1285 2298 1364 2350 non
1386 2277 1426 2349 in
1443 2276 1608 2370 laponia,

414 2404 512 2495 lara,
532 2405 690 2479 Brasilia
708 2406 864 2498 aliisque
888 2404 995 2477 terris
1015 2402 1144 2476 calidis
1163 2404 1296 2478 sedulo
1316 2404 1449 2479 cultus

524 2532 628 2606 Folia
646 2534 792 2607 diverse
810 2537 1032 2625 praeparata
1051 2535 1088 2604 et
1105 2533 1254 2605 siccata.

523 2659 566 2766 In
612 2661 770 2735 officinis
808 2664 960 2754 praesto
998 2659 1074 2733 sint
1105 2659 1196 2732 folia
1228 2659 1390 2753 optimae
1419 2658 1608 2733 varietatis

415 2789 564 2862 mercis
587 2789 659 2862 sub
696 2788 848 2861 nornine
886 2786 1135 2878 ,Souchong“
1181 2791 1304 2875 nolae,
1343 2788 1482 2860 sistens
1519 2786 1610 2860 folia

414 2915 558 2988 maiora
571 2919 608 2988 et
621 2915 768 2987 minora
785 2914 1007 3006 plerumque
1022 2918 1150 2986 exacte
1171 2913 1372 2986 convoluta
1389 2913 1429 2985 in
1446 2912 1607 2986 frustula

415 3041 697 3115 subtusiformia
715 3045 869 3113 arcuata
887 3044 924 3112 et
944 3043 1107 3128 curvata,
1126 3039 1281 3131 fragilia,
1303 3039 1439 3112 coloris
1459 3060 1480 3112 e
1499 3039 1608 3113 lusco

413 3168 640 3260 nigricantis
661 3167 788 3241 odoris
807 3166 1006 3259 peculiaris
1026 3166 1130 3258 grati.

522 3294 635 3388 Aqua
651 3294 793 3367 fervida
813 3294 977 3366 emollita
995 3298 1032 3366 et
1050 3293 1232 3386 explicata
1249 3292 1411 3367 frustula
1430 3293 1607 3366 exhibent

412 3422 587 3496 loliorum
600 3422 809 3513 fragmenta
824 3419 1007 3513 ampliora
1025 3427 1090 3494 aut
1103 3420 1193 3493 folia
1207 3420 1425 3511 subintegra
1443 3420 1607 3512 oblonga

412 3549 472 3623 rel
482 3547 869 3640 oblongo-lanceolata
882 3548 921 3622 in
930 3548 1111 3640 petiolum
1119 3547 1273 3621 brevem
1287 3551 1489 3637 attenuata,
1504 3547 1609 3640 apice

413 3676 551 3749 obtusa
563 3676 623 3749 vel
637 3675 875 3766 emarginata,
890 3675 1058 3767 margine
1072 3675 1426 3749 hamato-serrulata
1440 3674 1609 3767 apicibus

413 3802 686 3876 denticulorum
714 3802 972 3895 cartilagineis,
1004 3803 1207 3894 subglabra
1224 3803 1308 3896 pilis
1341 3802 1436 3875 raris
1464 3802 1608 3895 sparsis

411 3929 533 4022 longis
553 3930 672 4003 acutis
691 3929 1006 4021 unicellularibus,
1035 3930 1117 4003 basi
1146 3929 1301 4003 aduncis
1330 3930 1416 4023 plus
1435 3929 1609 4002 minusve

411 4056 685 4150 pachydermls,
712 4058 752 4130 in
770 4057 1006 4151 mesophyllo
1027 4057 1284 4131 dorsirentrali
1310 4057 1531 4149 praesertim
1560 4056 1609 4129 ad

410 4184 611 4258 fasciculos
621 4206 800 4258 vasorum
811 4185 954 4259 cellulis
966 4183 1329 4276 solerenehymaticis
1343 4184 1452 4258 valde
1468 4183 1607 4257 incras-

412 4311 515 4400 satiS,
532 4311 669 4384 mirum
687 4312 727 4384 in
746 4312 903 4386 modum
918 4311 1089 4385 formalis
1109 4317 1146 4384 et
1159 4311 1197 4383 in
1208 4310 1433 4404 epidermide
1449 4310 1607 4404 paginae

410 4439 488 4513 folii
509 4437 695 4512 inferioris
721 4439 947 4512 stomatibus
971 4438 1292 4511 numerosissimis
1322 4437 1608 4512 suborbiculari·

410 4566 495 4656 buS,
531 4565 688 4658 singulis
707 4565 837 4639 cinctis
876 4566 982 4639 3-4
1016 4565 1158 4639 cellulis
1184 4565 1354 4656 angustis
1376 4564 1608 4640 accessoriis.
