3725 5400
708 496 947 571 —233-

228 760 234 767 —
337 716 495 790 Thailus
507 719 652 790 erectus
662 714 927 802 subfoliaoeus,
935 713 1184 806 irregulariter
1194 714 1427 787 dichotomo-

228 864 418 933 ramosus
446 843 590 917 laciniis
618 864 721 917 nuno
753 843 960 931 latioribus,
996 862 1097 915 nuno
1131 840 1424 932 angustioribus

228 970 483 1044 canaliculatis
497 972 557 1044 vel
571 970 780 1064 subplanis,
800 970 990 1043 interdum
1010 968 1191 1061 crispatis
1212 969 1252 1041 in
1265 973 1425 1059 utroque

227 1098 343 1171 latere
373 1097 511 1190 glaber,
542 1098 711 1190 margine
731 1095 1059 1186 dentato-efflatus
1095 1095 1231 1169 coloris
1260 1094 1425 1181 olivaeei‚
1556 1128 1559 1133 ¹

228 1225 400 1299 subfusci
432 1229 498 1298 aut
526 1225 703 1314 castanei,
738 1224 883 1316 passim
916 1223 1131 1315 albo-grisei
1164 1228 1201 1297 et
1228 1222 1276 1296 ad
1303 1221 1426 1295 basim

228 1351 514 1426 canaliculatam
532 1356 575 1425 ut
601 1351 805 1445 plurimum
834 1350 969 1425 coloris
998 1349 1073 1423 eibi
1092 1355 1130 1425 at
1147 1349 1356 1443 sanguinei,
1385 1348 1425 1420 in

229 1483 331 1552 statu
368 1478 469 1553 sicco
508 1479 784 1571 cartilaginem,
829 1479 984 1570 rigidus
1023 1483 1208 1571 strepens,
1247 1476 1287 1549 in
1324 1479 1425 1548 statu

133 1687 141 1703 ⁸
227 1605 383 1678 humido
404 1606 607 1680 coriaceus.

335 1732 578 1805 Membranae
624 1732 849 1826 hypharum,
898 1731 1058 1805 thallum
1105 1731 1424 1818 constituentium,

227 1858 354 1932 addita
372 1859 559 1933 solutione
578 1859 655 1933 iodi
675 1880 822 1953 aquosa
850 1859 1015 1933 colorem
1035 1859 1250 1935 caeruleum
1264 1858 1426 1932 trahunt

335 1985 429 2060 Cum
449 2009 550 2081 aqua
568 1993 698 2062 coctus
716 1988 857 2061 lichen
875 1987 1084 2062 islandious
1106 1988 1292 2080 liquorem
1309 1986 1424 2060 muoi·

225 2113 440 2204 laginosum
468 2136 709 2208 peramarum
740 2117 906 2208 praebet,
942 2116 1007 2209 qui
1035 2116 1127 2189 satis
1158 2119 1423 2188 concontratus

226 2238 262 2338 (1
280 2271 329 2305 =
343 2241 408 2332 aa)
427 2246 517 2335 post
534 2243 854 2335 refrigerationem
872 2244 912 2316 in
931 2242 1133 2334 gelatinam
1153 2241 1236 2316 coit.

340 2368 415 2440 100
435 2374 562 2462 partes
582 2372 803 2444 combustae
823 2392 871 2443 ne
887 2370 974 2462 plus
985 2391 1099 2462 quarn
1109 2374 1235 2463 partes
1252 2367 1422 2441 fcineris

224 2494 446 2588 relinquant

335 2622 389 2696 Sit
407 2644 513 2697 merx
541 2646 803 2699 amusoorum
836 2623 1055 2716 fragmentis
1085 2628 1122 2696 et
1144 2624 1226 2696 aliis
1256 2622 1420 2717 quisqui-

225 2749 283 2822 liis
304 2750 477 2823 admixtis
502 2751 666 2827 liberata

579 3039 804 3211 Lignum
829 3039 1065 3175 Guaiaoi.

338 3239 535 3333 Graiorum
550 3259 727 3354 officiante
741 3260 795 3349 L.,
813 3262 925 3335 arbor
938 3261 978 3335 in
991 3260 1165 3334 Amerina
1183 3260 1336 3356 tropica,
1353 3262 1420 3334 im·

222 3386 353 3479 primis
372 3388 412 3461 in
430 3387 563 3461 insulis
583 3387 780 3461 Antillanis
801 3410 987 3462 crescens

331 3514 492 3606 Lignum
517 3519 755 3608 compactum
786 3517 895 3589 valde
924 3516 1183 3610 ponderosum
1207 3522 1244 3590 et
1268 3516 1416 3603 durum,

221 3641 530 3733 irregularissime
577 3643 705 3732 fissile,
761 3644 903 3717 occurit
943 3645 983 3717 in
1023 3645 1170 3736 magnis
1214 3643 1418 3736 segmentis

222 3769 344 3842 trunci
359 3775 396 3841 et
408 3790 603 3844 ramorum
617 3771 753 3844 cortice
768 3771 968 3860 destitutis,
995 3772 1153 3845 alburno
1173 3772 1310 3866 pallide
1330 3771 1417 3843 suh·

222 3897 331 3984 flavo,
367 3896 561 3970 duramina
595 3898 929 3973 fusco-virescente
962 3899 1146 3989 resinosa
1181 3899 1220 3972 in
1253 3897 1418 3972 sectione

221 4028 438 4097 transversa
455 4024 561 4096 zonis
581 4025 914 4115 subcancentrieis,
936 4049 1004 4121 par
1016 4027 1263 4100 vicesooloris
1275 4032 1418 4099 satura·

221 4149 326 4222 tionis
352 4154 389 4222 et
408 4150 600 4239 dilutioris
636 4153 824 4244 punctatis
864 4154 1049 4247 aperturis
1081 4176 1261 4228 vasorum
1288 4175 1419 4226 massa

221 4276 394 4350 resinosa
413 4276 575 4369 impletis
595 4277 770 4353 solitariis
791 4285 827 4353 et
845 4281 992 4354 lineatis
1012 4281 1127 4355 radiis
1146 4281 1418 4355 medullaribus

220 4404 377 4478 intense
397 4406 577 4499 proximis
597 4408 850 4482 subtilissimis
859 4410 1144 4484 -uniserialibus

331 4532 560 4607 Calefactum
625 4534 785 4627 Lignum
841 4536 998 4610 odorem
1057 4537 1205 4611 resinae
1265 4538 1415 4611 Benzoe
1535 4633 1542 4640 .

221 4660 373 4754 spargit.
