3725 5400
717 497 959 570 -333-

310 719 347 788 et
357 734 507 788 massae
518 714 760 808 aequabiliter
770 719 899 789 enatae
909 714 1069 789 admisce
1079 715 1216 788 sensim
1225 715 1436 808 sensimque

346 847 459 934 Aquae
1175 848 1299 939 partes
1359 843 1435 915 130

310 969 562 1044 calefaciendo
591 969 743 1062 tamdiu,
771 991 894 1062 usque
924 969 1095 1062 gelatina
1124 968 1434 1063 saponifieatione

239 1101 361 1186 enata,
382 1096 422 1169 in
441 1118 541 1190 aqua
555 1096 684 1187 calida
701 1098 792 1190 quin
809 1096 1076 1190 pinguedinem
1095 1102 1245 1191 separet
1268 1096 1434 1170 solvitur.

311 1224 410 1297 Tum
429 1224 525 1297 adde
545 1223 772 1297 solutionem
789 1223 966 1297 filtratam
984 1245 1005 1297 e

346 1354 454 1425 Natrii
473 1354 617 1425 rhlerati
1132 1348 1300 1448 partibus
1383 1350 1437 1423 40

345 1480 453 1552 Natrii
474 1480 646 1551 narboniei
1136 1476 1301 1575 partibus
1343 1475 1348 1485 ’
1412 1475 1436 1553 5

345 1609 457 1696 Aquae
1132 1602 1301 1702 partibus
1361 1605 1437 1678 120

311 1738 347 1806 et
365 1734 527 1807 fervefac
548 1754 670 1826 usque
690 1734 738 1806 ad
758 1733 965 1826 perfectam
984 1732 1140 1826 saponis
1151 1733 1435 1806 seiunctionem.

311 1858 500 1954 Saponem
527 1860 797 1952 refrigeratum,
828 1881 851 1932 a
879 1860 1023 1951 liquore
1053 1863 1272 1954 separatum
1290 1863 1328 1932 et
1344 1880 1436 1952 pau-

236 1988 323 2062 xillo
362 2010 483 2082 aquae
522 1989 662 2062 elotum
691 1991 855 2083 exprime
888 1988 1042 2079 fortiter,
1073 1988 1203 2063 scinde
1240 1987 1279 2061 in
1315 1988 1438 2062 frusta

240 2121 276 2188 et
296 2116 454 2189 exsicca.

347 2243 447 2337 Sapo
466 2242 697 2317 medicinalis
717 2244 766 2317 sit
785 2245 913 2332 dmm,
934 2244 1057 2332 album
1076 2245 1187 2339 piane
1208 2242 1377 2317 solubiiis
1397 2242 1437 2316 in

126 2393 128 2395 ·
239 2391 339 2463 aqua
357 2391 427 2443 nec
446 2364 525 2444 non
542 2370 582 2443 in
602 2370 735 2464 spiritu
753 2370 841 2444 vini.
862 2371 917 2445 Ne
938 2372 987 2445 sit
1006 2371 1135 2445 odoris
1154 2369 1308 2444 rancidi.

235 2543 238 2547 -
347 2497 488 2571 Solutio
517 2504 648 2592 parata
675 2499 749 2572 leni
779 2500 902 2572 calore
932 2521 953 2571 e
983 2503 1190 2590 grammate
1222 2498 1240 2570 1
1275 2496 1436 2590 Saponis

238 2624 468 2699 medicinalis
478 2626 517 2699 in
529 2624 762 2717 centinretrie
769 2627 909 2701 cubicis
923 2627 945 2701 5
962 2626 1116 2720 spiritus
1130 2625 1216 2716 vini,
1232 2630 1320 2719 post
1333 2623 1436 2699 refri-

240 2751 470 2845 gerationem
512 2775 635 2846 neque
677 2753 838 2827 ruhefiat
879 2754 1007 2828 addita
1049 2753 1237 2827 solutione
1278 2752 1434 2846 phenol-

239 2880 428 2973 phtaieini‚
449 2902 573 2974 neque
593 2886 758 2955 mutetur
776 2882 922 2956 adiecta
941 2904 1042 2975 aqua
1060 2881 1379 2975 hydrosulfurata.

648 3166 840 3303 Sebum
869 3168 1027 3302 ovile.

347 3389 543 3481 Pinguedo
563 3389 811 3471 abdominaiis
832 3390 912 3462 ovis
932 3390 1055 3462 solida
1074 3389 1266 3482 depurata.

347 3516 401 3590 Sit
419 3516 560 3589 Sebum
577 3537 723 3605 recem,
745 3516 991 3604 albissimum,
1027 3516 1154 3588 odoris
1175 3514 1307 3589 debilis
1325 3539 1437 3611 pecu·

237 3645 350 3733 liaris,
370 3644 473 3717 haud
492 3641 645 3732 rancidi,
657 3643 1132 3736 temperatura470—500
1155 3642 1306 3736 limpide
1320 3645 1436 3738 lique·

239 3793 363 3844 scens.
1047 3774 1050 3778 ’

346 3897 439 3970 Pars
463 3898 481 3970 1
504 3897 592 3970 Sehi
611 3897 716 3971 ovilis
737 3918 823 3970 cum
841 3896 1011 3989 parribus
1031 3896 1055 3969 5
1076 3896 1227 3989 spiritus
1245 3896 1323 3969 vini
1341 3899 1436 3971 cale·

237 4026 336 4100 faeta
369 4030 408 4099 et
440 4029 695 4117 conquassata
731 4023 985 4115 refrigerando
1023 4023 1213 4115 liquorum
1240 4023 1437 4116 limpidum

238 4153 404 4247 praebet,
426 4152 491 4243 qui
509 4152 740 4241 decantatus,
777 4151 903 4224 addita
922 4151 1072 4243 aequali
1090 4150 1294 4243 quantitate
1314 4171 1436 4241 aquae

240 4303 309 4354 nec
329 4280 437 4352 vaide
455 4280 635 4367 turbetur,
651 4300 722 4352 nee
738 4278 907 4351 chartam
922 4276 1211 4371 exploratoriam
1226 4278 1436 4350 caeruleam

239 4407 454 4480 rubesaeiat.

347 4533 536 4605 Numerus
565 4530 882 4625 saponifieationis
916 4531 965 4604 sit
1001 4530 1225 4619 193-195,
1254 4550 1435 4603 numerus

240 4661 316 4733 iodi
337 4661 506 4734 35-40.
