3725 5400
727 516 971 589 —a59-

361 728 503 802 Solutio
524 751 671 823 aquosa
690 727 726 829 (1
744 762 792 797 =
805 733 872 823 40)
893 753 983 823 erga
1011 732 1201 824 reagentia
1234 753 1275 806 se
1295 734 1445 824 habeut,

251 861 293 928 ut
312 855 449 929 solutio
469 857 577 931 natrii
596 857 790 932 sulfurici.'

778 1145 922 1283 (lica

657 1357 698 1454 a)
722 1352 821 1435 Olea
842 1355 1048 1436 aetherea.

359 1530 555 1622 Liquores,
577 1531 787 1624 apartibus
814 1533 927 1605 variis
955 1533 1169 1625 plantarum
1189 1534 1447 1626 destillatione,

251 1657 372 1731 rarius
407 1658 650 1752 expressione
683 1659 827 1733 obtenti
859 1660 935 1732 sint
966 1658 1117 1753 limpidi,
1148 1660 1188 1733 in
1225 1662 1356 1755 spiritu
1374 1663 1449 1736 viui

250 1786 440 1862 solubiles,

361 1912 473 1986 Gutta
510 1915 582 1988 olei
610 1914 774 1988 aetherei
803 1913 1000 1988 cuiuslibet
1026 1918 1065 1992 in
1095 1919 1265 1992 chartam
1282 1916 1449 1992 bibulam

252 2041 409 2135 delapsa
440 2042 628 2115 maculam
660 2041 850 2136 pinguem,
880 2041 919 2113 in
948 2043 1079 2136 spiritu
1107 2044 1184 2119 vini
1210 2044 1449 2118 insolubilem

250 2190 299 2241 ne
319 2168 570 2261 derelinquat;
602 2171 725 2243 calore
746 2172 889 2245 sensim
909 2179 1020 2246 aucto
1042 2174 1176 2263 avolet,
1206 2172 1361 2246 residuo
1391 2173 1452 2245 vel

251 2297 365 2385 nullo,
387 2296 445 2370 vel
466 2297 621 2370 nonnisi
639 2299 842 2390 perexiguo
862 2300 1004 2374 relicto.
1328 2280 1333 2295 ⁶

358 2424 577 2497 Frustulum
611 2425 715 2497 calcii
749 2426 905 2500 chlorati
937 2427 1013 2501 iusi
1055 2426 1324 2519 magnitudinis
1362 2426 1445 2521 pisi,

251 2572 340 2623 cum
367 2551 593 2623 centimetris
624 2551 763 2624 cubicis
794 2552 911 2626 holei
945 2553 1110 2627 aetherei
1130 2559 1354 2647 quassatum
1377 2575 1448 2626 nec

251 2677 395 2751 diffluat
412 2700 483 2752 nec
503 2679 728 2753 emollescat

358 2806 515 2879 Pondus
562 2806 779 2900 specificum
821 2807 894 2881 olei
931 2808 1105 2896 aetherei,
1156 2808 1319 2901 exceptis
1362 2808 1446 2880 oleo

249 2933 376 3007 Rosae
398 2938 434 3006 et
452 2933 639 3006 Anetholo
658 2937 913 3028 temperatura
938 2937 1010 3007 15ο
1034 2935 1310 3008 determinetur.

310 3067 314 3080 '
360 3060 472 3134 Gutta
509 3061 581 3134 olei
619 3061 797 3149 aetherei,
851 3084 939 3136 cum
985 3061 1165 3154 grammis
1214 3062 1236 3134 h
1277 3060 1449 3134 sacchari

252 3188 488 3261 exactissime
519 3189 678 3261 contrita
706 3188 914 3262 miscellam
941 3190 1130 3282 praebeat,
1166 3210 1263 3282 quae
1292 3188 1449 3262 odorem

251 3315 478 3410 peculiarem
496 3315 610 3388 huius
631 3315 712 3405 olei,
736 3337 980 3409 nequaquam
997 3337 1087 3389 vero
1109 3317 1266 3390 odorem
1285 3315 1449 3388 alienum

252 3447 413 3537 spargat
1486 3425 1488 3431 ¹

359 3570 602 3659 Anatholum,
625 3568 850 3658 Caruonum,
878 3569 1141 3643 Ginnamalurn
1156 3576 1193 3646 et
1211 3569 1449 3662 Eugenolum

253 3719 295 3770 se
313 3698 530 3791 praebeant,
549 3702 592 3770 ut
611 3696 704 3770 Olea
723 3697 908 3772 aetherea

361 3824 454 3898 Olea
487 3824 663 3897 aetherea
696 3829 892 3898 serventur
923 3824 963 3897 in
994 3825 1098 3897 vasis
1132 3824 1275 3918 ,optime
1309 3823 1448 3896 clausis

253 3973 275 4023 a
293 3952 376 4024 luce
395 3951 562 4024 remotis.

671 4137 714 4237 b)
739 4135 838 4217 Olea
858 4139 1029 4243 pinguia.

252 4297 291 4369 in
310 4317 445 4389 genere
466 4297 710 4389 expressione
729 4295 864 4389 frigida
892 4298 1092 4386 seminum,
1114 4296 1238 4368 rarius
1256 4295 1447 4368 fructuum

252 4427 385 4516 parata
431 4421 507 4494 sint
560 4423 672 4515 plane
719 4422 875 4515 limpida
922 4423 1067 4515 absque
1124 4421 1198 4494 ulla
1239 4421 1447 4495 secretione

252 4548 534 4641 mucilaginosa,
555 4549 683 4622 odoris
704 4553 741 4622 et
759 4550 907 4643 saporis
931 4549 1035 4622 haud
1059 4547 1216 4636 rancidi3
1252 4548 1447 4621 solvantur

254 4678 351 4751 clare
371 4676 410 4749 in
430 4677 593 4766 aethere,
616 4675 881 4749 chlorosormio
902 4680 940 4748 et
960 4675 1111 4749 aethere
1129 4674 1295 4768 petrolei.

1179 4813 1230 4867 rr*
