<?xml version="1.0" encoding="UTF-8"?>
<!DOCTYPE html PUBLIC "-//W3C//DTD XHTML 1.0 Transitional//EN"
    "http://www.w3.org/TR/xhtml1/DTD/xhtml1-transitional.dtd">
<html xmlns="http://www.w3.org/1999/xhtml" xml:lang="en" lang="en">
 <head>
  <title>
</title>
<meta http-equiv="Content-Type" content="text/html;charset=utf-8" />
  <meta name='ocr-system' content='tesseract 3.04.00' />
  <meta name='ocr-capabilities' content='ocr_page ocr_carea ocr_par ocr_line ocrx_word'/>
</head>
<body>
  <div class='ocr_page' id='page_1' title='image "./pharmacopoeaaus00innegoog_0084.png"; bbox 0 0 3725 5400; ppageno 0'>
   <div class='ocr_carea' id='block_1_1' title="bbox 921 511 1134 585">
    <p class='ocr_par' dir='ltr' id='par_1_1' title="bbox 921 511 1134 585">
     <span class='ocr_line' id='line_1_1' title="bbox 921 511 1134 585; baseline -0.005 -20"><span class='ocrx_word' id='word_1_1' title='bbox 921 511 1134 585; x_wconf 70' lang='lat'><strong>..502-</strong></span> 
     </span>
    </p>
   </div>
   <div class='ocr_carea' id='block_1_2' title="bbox 431 727 1633 3497">
    <p class='ocr_par' dir='ltr' id='par_1_2' title="bbox 431 727 1627 1076">
     <span class='ocr_line' id='line_1_2' title="bbox 435 727 1626 822; baseline -0.003 -17"><span class='ocrx_word' id='word_1_2' title='bbox 435 730 508 805; x_wconf 84' lang='lat' dir='ltr'>stili</span> <span class='ocrx_word' id='word_1_3' title='bbox 545 736 611 804; x_wconf 89' lang='lat' dir='ltr'>aut</span> <span class='ocrx_word' id='word_1_4' title='bbox 652 729 859 822; x_wconf 87' lang='lat' dir='ltr'>aequaliter</span> <span class='ocrx_word' id='word_1_5' title='bbox 901 727 1095 820; x_wconf 82' lang='lat' dir='ltr'>cylindrici</span> <span class='ocrx_word' id='word_1_6' title='bbox 1140 734 1206 802; x_wconf 89' lang='lat' dir='ltr'>aut</span> <span class='ocrx_word' id='word_1_7' title='bbox 1243 729 1293 801; x_wconf 90' lang='lat' dir='ltr'>ad</span> <span class='ocrx_word' id='word_1_8' title='bbox 1330 729 1444 803; x_wconf 91' lang='lat' dir='ltr'>finem</span> <span class='ocrx_word' id='word_1_9' title='bbox 1482 729 1626 804; x_wconf 90' lang='lat' dir='ltr'>sensim</span> 
     </span>
     <span class='ocr_line' id='line_1_3' title="bbox 434 855 1627 947; baseline -0.003 -15"><span class='ocrx_word' id='word_1_10' title='bbox 434 857 616 932; x_wconf 88' lang='lat' dir='ltr'>attenuati</span> <span class='ocrx_word' id='word_1_11' title='bbox 644 857 703 929; x_wconf 89' lang='lat' dir='ltr'>vel</span> <span class='ocrx_word' id='word_1_12' title='bbox 731 855 935 930; x_wconf 81' lang='lat' dir='ltr'><strong>acuminati</strong></span> <span class='ocrx_word' id='word_1_13' title='bbox 961 855 1206 947; x_wconf 80' lang='lat' dir='ltr'>longitudinis</span> <span class='ocrx_word' id='word_1_14' title='bbox 1237 856 1371 929; x_wconf 72' lang='lat' dir='ltr'>u-to</span> <span class='ocrx_word' id='word_1_15' title='bbox 1391 856 1627 931; x_wconf 85' lang='lat' dir='ltr'>centimetro-</span> 
     </span>
     <span class='ocr_line' id='line_1_4' title="bbox 431 983 1166 1076; baseline -0.007 -16"><span class='ocrx_word' id='word_1_16' title='bbox 431 1006 528 1076; x_wconf 89' lang='lat' dir='ltr'>rum,</span> <span class='ocrx_word' id='word_1_17' title='bbox 546 983 716 1059; x_wconf 84' lang='lat' dir='ltr'>diametm‘</span> <span class='ocrx_word' id='word_1_18' title='bbox 735 983 840 1057; x_wconf 75' lang='lat' dir='ltr'>u-3</span> <span class='ocrx_word' id='word_1_19' title='bbox 860 983 1166 1056; x_wconf 85' lang='lat' dir='ltr'>millimetrorum</span> 
     </span>
    </p>

    <p class='ocr_par' dir='ltr' id='par_1_3' title="bbox 432 1110 1630 1714">
     <span class='ocr_line' id='line_1_5' title="bbox 540 1110 1627 1204; baseline 0 -19"><span class='ocrx_word' id='word_1_20' title='bbox 540 1110 669 1185; x_wconf 87' lang='lat' dir='ltr'>Bacilli</span> <span class='ocrx_word' id='word_1_21' title='bbox 687 1110 860 1185; x_wconf 87' lang='lat' dir='ltr'>medicati</span> <span class='ocrx_word' id='word_1_22' title='bbox 878 1116 1151 1204; x_wconf 81' lang='lat' dir='ltr'>praeparantur</span> <span class='ocrx_word' id='word_1_23' title='bbox 1180 1132 1199 1183; x_wconf 95' lang='lat' dir='ltr'>e</span> <span class='ocrx_word' id='word_1_24' title='bbox 1228 1132 1368 1199; x_wconf 87' lang='lat' dir='ltr'>massa,</span> <span class='ocrx_word' id='word_1_25' title='bbox 1402 1111 1508 1185; x_wconf 81' lang='lat' dir='ltr'>errius</span> <span class='ocrx_word' id='word_1_26' title='bbox 1542 1133 1627 1185; x_wconf 90' lang='lat' dir='ltr'>con·</span> 
     </span>
     <span class='ocr_line' id='line_1_6' title="bbox 433 1237 1629 1330; baseline -0.002 -16"><span class='ocrx_word' id='word_1_27' title='bbox 433 1239 624 1315; x_wconf 85' lang='lat' dir='ltr'>stituentia</span> <span class='ocrx_word' id='word_1_28' title='bbox 648 1243 737 1312; x_wconf 89' lang='lat' dir='ltr'>sunt</span> <span class='ocrx_word' id='word_1_29' title='bbox 756 1243 821 1311; x_wconf 88' lang='lat' dir='ltr'>aut</span> <span class='ocrx_word' id='word_1_30' title='bbox 839 1238 1003 1330; x_wconf 81' lang='lat' dir='ltr'>gelatina</span> <span class='ocrx_word' id='word_1_31' title='bbox 1022 1237 1250 1330; x_wconf 80' lang='lat' dir='ltr'>glycerinata</span> <span class='ocrx_word' id='word_1_32' title='bbox 1274 1244 1340 1311; x_wconf 89' lang='lat' dir='ltr'>aut</span> <span class='ocrx_word' id='word_1_33' title='bbox 1359 1239 1485 1312; x_wconf 90' lang='lat' dir='ltr'>oleum</span> <span class='ocrx_word' id='word_1_34' title='bbox 1505 1238 1629 1313; x_wconf 87' lang='lat' dir='ltr'>Cacao</span> 
     </span>
     <span class='ocr_line' id='line_1_7' title="bbox 434 1364 1630 1460; baseline -0.002 -18"><span class='ocrx_word' id='word_1_35' title='bbox 434 1372 500 1442; x_wconf 88' lang='lat' dir='ltr'>aut</span> <span class='ocrx_word' id='word_1_36' title='bbox 531 1365 655 1460; x_wconf 87' lang='lat' dir='ltr'>pulvis</span> <span class='ocrx_word' id='word_1_37' title='bbox 683 1364 827 1457; x_wconf 81' lang='lat' dir='ltr'>gummi</span> <span class='ocrx_word' id='word_1_38' title='bbox 855 1364 1014 1439; x_wconf 83' lang='lat' dir='ltr'>Acaciae</span> <span class='ocrx_word' id='word_1_39' title='bbox 1047 1365 1107 1438; x_wconf 82' lang='lat' dir='ltr'>rel</span> <span class='ocrx_word' id='word_1_40' title='bbox 1134 1364 1259 1458; x_wconf 81' lang='lat' dir='ltr'>pulvis</span> <span class='ocrx_word' id='word_1_41' title='bbox 1278 1365 1562 1457; x_wconf 68' lang='lat' dir='ltr'>magaranthae</span> <span class='ocrx_word' id='word_1_42' title='bbox 1592 1372 1630 1440; x_wconf 93' lang='lat' dir='ltr'>et</span> 
     </span>
     <span class='ocr_line' id='line_1_8' title="bbox 432 1492 1630 1585; baseline -0.001 -16"><span class='ocrx_word' id='word_1_43' title='bbox 432 1494 555 1569; x_wconf 88' lang='lat' dir='ltr'>farina</span> <span class='ocrx_word' id='word_1_44' title='bbox 590 1493 718 1582; x_wconf 87' lang='lat' dir='ltr'>tritici,</span> <span class='ocrx_word' id='word_1_45' title='bbox 760 1492 953 1567; x_wconf 84' lang='lat' dir='ltr'>lraolinum</span> <span class='ocrx_word' id='word_1_46' title='bbox 992 1498 1029 1567; x_wconf 90' lang='lat' dir='ltr'>et</span> <span class='ocrx_word' id='word_1_47' title='bbox 1067 1492 1130 1566; x_wconf 87' lang='lat' dir='ltr'>alii</span> <span class='ocrx_word' id='word_1_48' title='bbox 1162 1492 1339 1585; x_wconf 87' lang='lat' dir='ltr'>pulveres</span> <span class='ocrx_word' id='word_1_49' title='bbox 1373 1493 1630 1568; x_wconf 85' lang='lat' dir='ltr'>indifferentes</span> 
     </span>
     <span class='ocr_line' id='line_1_9' title="bbox 432 1620 1035 1714; baseline -0.007 -17"><span class='ocrx_word' id='word_1_50' title='bbox 432 1622 538 1697; x_wconf 86' lang='lat' dir='ltr'>mixti</span> <span class='ocrx_word' id='word_1_51' title='bbox 558 1643 645 1697; x_wconf 90' lang='lat' dir='ltr'>cum</span> <span class='ocrx_word' id='word_1_52' title='bbox 664 1620 851 1714; x_wconf 82' lang='lat' dir='ltr'>glycerino</span> <span class='ocrx_word' id='word_1_53' title='bbox 871 1625 908 1695; x_wconf 90' lang='lat' dir='ltr'>et</span> <span class='ocrx_word' id='word_1_54' title='bbox 926 1641 1035 1713; x_wconf 87' lang='lat' dir='ltr'>aqua</span> 
     </span>
    </p>

    <p class='ocr_par' dir='ltr' id='par_1_4' title="bbox 432 1745 1631 2226">
     <span class='ocr_line' id='line_1_10' title="bbox 541 1745 1631 1822; baseline -0.001 0"><span class='ocrx_word' id='word_1_55' title='bbox 541 1749 599 1822; x_wconf 86' lang='lat' dir='ltr'>Ex</span> <span class='ocrx_word' id='word_1_56' title='bbox 626 1749 697 1822; x_wconf 91' lang='lat' dir='ltr'>hac</span> <span class='ocrx_word' id='word_1_57' title='bbox 725 1769 858 1821; x_wconf 89' lang='lat' dir='ltr'>massa</span> <span class='ocrx_word' id='word_1_58' title='bbox 884 1748 1095 1821; x_wconf 84' lang='lat' dir='ltr'>formantur</span> <span class='ocrx_word' id='word_1_59' title='bbox 1114 1745 1238 1819; x_wconf 84' lang='lat' dir='ltr'>bacilli</span> <span class='ocrx_word' id='word_1_60' title='bbox 1262 1750 1328 1820; x_wconf 86' lang='lat' dir='ltr'>aut</span> <span class='ocrx_word' id='word_1_61' title='bbox 1345 1747 1572 1822; x_wconf 81' lang='lat' dir='ltr'>malaxando</span> <span class='ocrx_word' id='word_1_62' title='bbox 1593 1754 1631 1821; x_wconf 88' lang='lat' dir='ltr'>et</span> 
     </span>
     <span class='ocr_line' id='line_1_11' title="bbox 432 1873 1630 1967; baseline -0.003 -16"><span class='ocrx_word' id='word_1_63' title='bbox 432 1876 617 1951; x_wconf 83' lang='lat' dir='ltr'>volvendo</span> <span class='ocrx_word' id='word_1_64' title='bbox 636 1878 836 1965; x_wconf 86' lang='lat' dir='ltr'>tormento,</span> <span class='ocrx_word' id='word_1_65' title='bbox 858 1882 923 1947; x_wconf 88' lang='lat' dir='ltr'>aut</span> <span class='ocrx_word' id='word_1_66' title='bbox 943 1873 1172 1948; x_wconf 86' lang='lat' dir='ltr'>effundendo</span> <span class='ocrx_word' id='word_1_67' title='bbox 1191 1894 1360 1947; x_wconf 87' lang='lat' dir='ltr'>massam</span> <span class='ocrx_word' id='word_1_68' title='bbox 1387 1875 1567 1967; x_wconf 83' lang='lat' dir='ltr'>liquatam</span> <span class='ocrx_word' id='word_1_69' title='bbox 1589 1875 1630 1948; x_wconf 90' lang='lat' dir='ltr'>ln</span> 
     </span>
     <span class='ocr_line' id='line_1_12' title="bbox 432 2000 1631 2097; baseline -0.002 -18"><span class='ocrx_word' id='word_1_70' title='bbox 432 2006 576 2079; x_wconf 85' lang='lat' dir='ltr'>formas</span> <span class='ocrx_word' id='word_1_71' title='bbox 603 2003 809 2095; x_wconf 75' lang='lat' dir='ltr'>tubulosaS,</span> <span class='ocrx_word' id='word_1_72' title='bbox 838 2005 904 2075; x_wconf 88' lang='lat' dir='ltr'>aut</span> <span class='ocrx_word' id='word_1_73' title='bbox 922 2000 1167 2095; x_wconf 79' lang='lat' dir='ltr'>expressione</span> <span class='ocrx_word' id='word_1_74' title='bbox 1196 2022 1343 2074; x_wconf 85' lang='lat' dir='ltr'>massae</span> <span class='ocrx_word' id='word_1_75' title='bbox 1363 2023 1435 2095; x_wconf 87' lang='lat' dir='ltr'>ope</span> <span class='ocrx_word' id='word_1_76' title='bbox 1455 2003 1631 2097; x_wconf 85' lang='lat' dir='ltr'>siphonis</span> 
     </span>
     <span class='ocr_line' id='line_1_13' title="bbox 432 2132 584 2226; baseline -0.02 -20"><span class='ocrx_word' id='word_1_77' title='bbox 432 2132 584 2226; x_wconf 91' lang='lat' dir='ltr'>proprii.</span> 
     </span>
    </p>

    <p class='ocr_par' dir='ltr' id='par_1_5' title="bbox 434 2255 1631 2605">
     <span class='ocr_line' id='line_1_14' title="bbox 544 2255 1628 2332; baseline 0 -1"><span class='ocrx_word' id='word_1_78' title='bbox 544 2257 785 2331; x_wconf 72' lang='lat' dir='ltr'>Substantias</span> <span class='ocrx_word' id='word_1_79' title='bbox 823 2255 1168 2330; x_wconf 88' lang='lat' dir='ltr'>medicamentosae</span> <span class='ocrx_word' id='word_1_80' title='bbox 1206 2261 1273 2328; x_wconf 91' lang='lat' dir='ltr'>aut</span> <span class='ocrx_word' id='word_1_81' title='bbox 1299 2278 1450 2330; x_wconf 90' lang='lat' dir='ltr'>massae</span> <span class='ocrx_word' id='word_1_82' title='bbox 1477 2258 1628 2332; x_wconf 85' lang='lat' dir='ltr'>exactis·</span> 
     </span>
     <span class='ocr_line' id='line_1_15' title="bbox 434 2382 1631 2476; baseline -0.004 -13"><span class='ocrx_word' id='word_1_83' title='bbox 434 2389 528 2463; x_wconf 91' lang='lat' dir='ltr'>sime</span> <span class='ocrx_word' id='word_1_84' title='bbox 548 2385 742 2460; x_wconf 90' lang='lat' dir='ltr'>miscendo</span> <span class='ocrx_word' id='word_1_85' title='bbox 770 2383 1066 2476; x_wconf 83' lang='lat' dir='ltr'>incorporantur,</span> <span class='ocrx_word' id='word_1_86' title='bbox 1095 2386 1161 2456; x_wconf 87' lang='lat' dir='ltr'>aut</span> <span class='ocrx_word' id='word_1_87' title='bbox 1187 2382 1310 2456; x_wconf 81' lang='lat' dir='ltr'>bacilli</span> <span class='ocrx_word' id='word_1_88' title='bbox 1334 2384 1573 2459; x_wconf 90' lang='lat' dir='ltr'>solummodo</span> <span class='ocrx_word' id='word_1_89' title='bbox 1592 2385 1631 2458; x_wconf 91' lang='lat' dir='ltr'>in</span> 
     </span>
     <span class='ocr_line' id='line_1_16' title="bbox 435 2511 1629 2605; baseline -0.002 -18"><span class='ocrx_word' id='word_1_90' title='bbox 435 2535 566 2588; x_wconf 93' lang='lat' dir='ltr'>eorum</span> <span class='ocrx_word' id='word_1_91' title='bbox 594 2511 790 2605; x_wconf 87' lang='lat' dir='ltr'>superficie</span> <span class='ocrx_word' id='word_1_92' title='bbox 825 2511 1040 2584; x_wconf 88' lang='lat' dir='ltr'>substantia</span> <span class='ocrx_word' id='word_1_93' title='bbox 1073 2512 1393 2587; x_wconf 88' lang='lat' dir='ltr'>medicamentosa</span> <span class='ocrx_word' id='word_1_94' title='bbox 1425 2512 1629 2586; x_wconf 91' lang='lat' dir='ltr'>illinuntur.</span> 
     </span>
    </p>

    <p class='ocr_par' dir='ltr' id='par_1_6' title="bbox 432 2637 1631 2858">
     <span class='ocr_line' id='line_1_17' title="bbox 542 2637 1631 2732; baseline -0.002 -18"><span class='ocrx_word' id='word_1_95' title='bbox 542 2638 674 2714; x_wconf 90' lang='lat' dir='ltr'>Bacilli</span> <span class='ocrx_word' id='word_1_96' title='bbox 692 2638 867 2713; x_wconf 89' lang='lat' dir='ltr'>medicati</span> <span class='ocrx_word' id='word_1_97' title='bbox 885 2637 1107 2732; x_wconf 86' lang='lat' dir='ltr'>plerumque</span> <span class='ocrx_word' id='word_1_98' title='bbox 1133 2643 1222 2713; x_wconf 90' lang='lat' dir='ltr'>sunt</span> <span class='ocrx_word' id='word_1_99' title='bbox 1249 2639 1451 2729; x_wconf 71' lang='lat' dir='ltr'>molliores</span> <span class='ocrx_word' id='word_1_100' title='bbox 1479 2638 1631 2728; x_wconf 76' lang='lat' dir='ltr'>flexiles</span> 
     </span>
     <span class='ocr_line' id='line_1_18' title="bbox 432 2766 846 2858; baseline -0.012 -14"><span class='ocrx_word' id='word_1_101' title='bbox 432 2770 553 2844; x_wconf 87' lang='lat' dir='ltr'>rarius</span> <span class='ocrx_word' id='word_1_102' title='bbox 574 2767 665 2858; x_wconf 87' lang='lat' dir='ltr'>duri,</span> <span class='ocrx_word' id='word_1_103' title='bbox 684 2766 846 2858; x_wconf 80' lang='lat' dir='ltr'>fragiles.</span> 
     </span>
    </p>

    <p class='ocr_par' dir='ltr' id='par_1_7' title="bbox 431 2893 1633 3497">
     <span class='ocr_line' id='line_1_19' title="bbox 542 2893 1629 2987; baseline 0 -19"><span class='ocrx_word' id='word_1_104' title='bbox 542 2895 669 2968; x_wconf 89' lang='lat' dir='ltr'>Bacilli</span> <span class='ocrx_word' id='word_1_105' title='bbox 706 2915 775 2968; x_wconf 91' lang='lat' dir='ltr'>seu</span> <span class='ocrx_word' id='word_1_106' title='bbox 812 2893 884 2967; x_wconf 89' lang='lat' dir='ltr'>stili</span> <span class='ocrx_word' id='word_1_107' title='bbox 927 2893 1092 2982; x_wconf 71' lang='lat' dir='ltr'>causati,</span> <span class='ocrx_word' id='word_1_108' title='bbox 1144 2895 1357 2987; x_wconf 88' lang='lat' dir='ltr'>praeparati</span> <span class='ocrx_word' id='word_1_109' title='bbox 1395 2915 1415 2967; x_wconf 85' lang='lat' dir='ltr'>e</span> <span class='ocrx_word' id='word_1_110' title='bbox 1454 2896 1629 2987; x_wconf 86' lang='lat' dir='ltr'>crystallo</span> 
     </span>
     <span class='ocr_line' id='line_1_20' title="bbox 432 3021 1629 3098; baseline -0.002 0"><span class='ocrx_word' id='word_1_111' title='bbox 432 3024 574 3098; x_wconf 86' lang='lat' dir='ltr'>maiore</span> <span class='ocrx_word' id='word_1_112' title='bbox 609 3022 840 3095; x_wconf 85' lang='lat' dir='ltr'>substantiae</span> <span class='ocrx_word' id='word_1_113' title='bbox 875 3021 1217 3095; x_wconf 87' lang='lat' dir='ltr'>medicamentosae</span> <span class='ocrx_word' id='word_1_114' title='bbox 1253 3023 1440 3094; x_wconf 91' lang='lat' dir='ltr'>tornando</span> <span class='ocrx_word' id='word_1_115' title='bbox 1474 3027 1511 3097; x_wconf 89' lang='lat' dir='ltr'>et</span> <span class='ocrx_word' id='word_1_116' title='bbox 1542 3023 1629 3096; x_wconf 83' lang='lat' dir='ltr'>levi-</span> 
     </span>
     <span class='ocr_line' id='line_1_21' title="bbox 434 3147 1629 3245; baseline -0.002 -21"><span class='ocrx_word' id='word_1_117' title='bbox 434 3150 559 3245; x_wconf 78' lang='lat' dir='ltr'>gando</span> <span class='ocrx_word' id='word_1_118' title='bbox 630 3154 695 3223; x_wconf 91' lang='lat' dir='ltr'>aut</span> <span class='ocrx_word' id='word_1_119' title='bbox 750 3147 937 3222; x_wconf 86' lang='lat' dir='ltr'>effusione</span> <span class='ocrx_word' id='word_1_120' title='bbox 994 3147 1231 3221; x_wconf 90' lang='lat' dir='ltr'>substantiae</span> <span class='ocrx_word' id='word_1_121' title='bbox 1286 3148 1629 3223; x_wconf 88' lang='lat' dir='ltr'>medicamentosae</span> 
     </span>
     <span class='ocr_line' id='line_1_22' title="bbox 431 3275 1633 3372; baseline -0.002 -20"><span class='ocrx_word' id='word_1_122' title='bbox 431 3278 596 3372; x_wconf 87' lang='lat' dir='ltr'>liquatae</span> <span class='ocrx_word' id='word_1_123' title='bbox 643 3277 682 3351; x_wconf 92' lang='lat' dir='ltr'>in</span> <span class='ocrx_word' id='word_1_124' title='bbox 718 3277 861 3350; x_wconf 85' lang='lat' dir='ltr'>formas</span> <span class='ocrx_word' id='word_1_125' title='bbox 897 3275 1098 3349; x_wconf 84' lang='lat' dir='ltr'>tubulosas</span> <span class='ocrx_word' id='word_1_126' title='bbox 1137 3280 1227 3348; x_wconf 92' lang='lat' dir='ltr'>sunt</span> <span class='ocrx_word' id='word_1_127' title='bbox 1273 3275 1394 3364; x_wconf 88' lang='lat' dir='ltr'>solidi,</span> <span class='ocrx_word' id='word_1_128' title='bbox 1440 3276 1548 3368; x_wconf 80' lang='lat' dir='ltr'>rigidi</span> <span class='ocrx_word' id='word_1_129' title='bbox 1595 3281 1633 3349; x_wconf 91' lang='lat' dir='ltr'>et</span> 
     </span>
     <span class='ocr_line' id='line_1_23' title="bbox 432 3404 596 3497; baseline -0.006 -19"><span class='ocrx_word' id='word_1_130' title='bbox 432 3404 596 3497; x_wconf 77' lang='lat' dir='ltr'>fragiles.</span> 
     </span>
    </p>
   </div>
   <div class='ocr_carea' id='block_1_3' title="bbox 724 3671 1341 3845">
    <p class='ocr_par' dir='ltr' id='par_1_8' title="bbox 724 3671 1341 3845">
     <span class='ocr_line' id='line_1_24' title="bbox 724 3671 1341 3845; baseline 0.003 -40"><span class='ocrx_word' id='word_1_131' title='bbox 724 3672 1030 3808; x_wconf 87' lang='lat' dir='ltr'>Balsanun</span> <span class='ocrx_word' id='word_1_132' title='bbox 1062 3671 1341 3845; x_wconf 78' lang='lat' dir='ltr'>Gopalvae.</span> 
     </span>
    </p>
   </div>
   <div class='ocr_carea' id='block_1_4' title="bbox 433 3909 1633 4769">
    <p class='ocr_par' dir='ltr' id='par_1_9' title="bbox 433 3909 1633 4258">
     <span class='ocr_line' id='line_1_25' title="bbox 547 3909 1633 4009; baseline 0.002 -25"><span class='ocrx_word' id='word_1_133' title='bbox 547 3910 725 4009; x_wconf 79' lang='lat' dir='ltr'>Copat&#39;lroe</span> <span class='ocrx_word' id='word_1_134' title='bbox 735 3912 882 4006; x_wconf 89' lang='lat' dir='ltr'>species</span> <span class='ocrx_word' id='word_1_135' title='bbox 893 3911 1065 4004; x_wconf 88' lang='lat' dir='ltr'>inprimis</span> <span class='ocrx_word' id='word_1_136' title='bbox 1078 3909 1235 4008; x_wconf 81' lang='lat' dir='ltr'>Copot&#39;bo</span> <span class='ocrx_word' id='word_1_137' title='bbox 1246 3911 1633 4005; x_wconf 77' lang='lat' dir='ltr'>officinalis-lacuum</span> 
     </span>
     <span class='ocr_line' id='line_1_26' title="bbox 435 4037 1632 4136; baseline -0.003 -21"><span class='ocrx_word' id='word_1_138' title='bbox 435 4047 473 4115; x_wconf 89' lang='lat' dir='ltr'>et</span> <span class='ocrx_word' id='word_1_139' title='bbox 506 4037 665 4134; x_wconf 79' lang='lat' dir='ltr'>Copot&#39;ho</span> <span class='ocrx_word' id='word_1_140' title='bbox 696 4038 917 4136; x_wconf 75' lang='lat' dir='ltr'>Guyonauis</span> <span class='ocrx_word' id='word_1_141' title='bbox 950 4037 994 4112; x_wconf 91' lang='grc' dir='ltr'>Ο.</span> <span class='ocrx_word' id='word_1_142' title='bbox 1025 4038 1204 4128; x_wconf 86' lang='lat' dir='ltr'>Kuntze,</span> <span class='ocrx_word' id='word_1_143' title='bbox 1251 4039 1407 4114; x_wconf 86' lang='lat' dir='ltr'>arbores</span> <span class='ocrx_word' id='word_1_144' title='bbox 1440 4039 1632 4113; x_wconf 88' lang='lat' dir='ltr'>Americae</span> 
     </span>
     <span class='ocr_line' id='line_1_27' title="bbox 433 4166 886 4258; baseline -0.004 -18"><span class='ocrx_word' id='word_1_145' title='bbox 433 4166 690 4240; x_wconf 86' lang='lat' dir='ltr'>meridionalis</span> <span class='ocrx_word' id='word_1_146' title='bbox 710 4166 886 4258; x_wconf 90' lang='lat' dir='ltr'>tropicae.</span> 
     </span>
    </p>

    <p class='ocr_par' dir='ltr' id='par_1_10' title="bbox 435 4292 1633 4494">
     <span class='ocr_line' id='line_1_28' title="bbox 541 4292 1633 4367; baseline 0.001 -2"><span class='ocrx_word' id='word_1_147' title='bbox 541 4292 763 4367; x_wconf 88' lang='lat' dir='ltr'>Balsamum</span> <span class='ocrx_word' id='word_1_148' title='bbox 791 4294 962 4366; x_wconf 90' lang='lat' dir='ltr'>naturale</span> <span class='ocrx_word' id='word_1_149' title='bbox 994 4294 1186 4367; x_wconf 72' lang='lat' dir='ltr'>eunucis</span> <span class='ocrx_word' id='word_1_150' title='bbox 1218 4294 1395 4367; x_wconf 91' lang='lat' dir='ltr'>arborum</span> <span class='ocrx_word' id='word_1_151' title='bbox 1429 4293 1633 4366; x_wconf 86' lang='lat' dir='ltr'>vulneratis</span> 
     </span>
     <span class='ocr_line' id='line_1_29' title="bbox 435 4422 605 4494; baseline 0 0"><span class='ocrx_word' id='word_1_152' title='bbox 435 4422 605 4494; x_wconf 82' lang='lat' dir='ltr'>eltluens</span> 
     </span>
    </p>

    <p class='ocr_par' dir='ltr' id='par_1_11' title="bbox 436 4546 1632 4769">
     <span class='ocr_line' id='line_1_30' title="bbox 543 4546 1632 4641; baseline 0.001 -22"><span class='ocrx_word' id='word_1_153' title='bbox 543 4546 683 4640; x_wconf 88' lang='lat' dir='ltr'>Liquor</span> <span class='ocrx_word' id='word_1_154' title='bbox 711 4548 978 4622; x_wconf 85' lang='lat' dir='ltr'>consistentiae</span> <span class='ocrx_word' id='word_1_155' title='bbox 1008 4548 1081 4622; x_wconf 92' lang='lat' dir='ltr'>olei</span> <span class='ocrx_word' id='word_1_156' title='bbox 1113 4547 1262 4641; x_wconf 76' lang='lat' dir='ltr'>pinguis</span> <span class='ocrx_word' id='word_1_157' title='bbox 1289 4547 1481 4641; x_wconf 81' lang='lat' dir='ltr'>limpidus,</span> <span class='ocrx_word' id='word_1_158' title='bbox 1510 4548 1632 4621; x_wconf 87' lang='lat' dir='ltr'>llavus</span> 
     </span>
     <span class='ocr_line' id='line_1_31' title="bbox 436 4674 1632 4769; baseline 0 -22"><span class='ocrx_word' id='word_1_159' title='bbox 436 4679 502 4748; x_wconf 90' lang='lat' dir='ltr'>aut</span> <span class='ocrx_word' id='word_1_160' title='bbox 534 4696 554 4747; x_wconf 89' lang='lat' dir='ltr'>e</span> <span class='ocrx_word' id='word_1_161' title='bbox 587 4674 690 4747; x_wconf 81' lang='lat' dir='ltr'>ssavo·</span> <span class='ocrx_word' id='word_1_162' title='bbox 719 4675 937 4765; x_wconf 78' lang='lat' dir='ltr'>subfuscuS,</span> <span class='ocrx_word' id='word_1_163' title='bbox 975 4675 1154 4769; x_wconf 89' lang='lat' dir='ltr'>ponderis</span> <span class='ocrx_word' id='word_1_164' title='bbox 1189 4674 1352 4767; x_wconf 86' lang='lat' dir='ltr'>specifici</span> <span class='ocrx_word' id='word_1_165' title='bbox 1386 4674 1632 4763; x_wconf 77' lang='grc'><strong>0·94-0·99,</strong></span> 
     </span>
    </p>
   </div>
   <div class='ocr_carea' id='block_1_5' title="bbox 0 0 1874 5400">
    <p class='ocr_par' dir='ltr' id='par_1_12' title="bbox 0 0 1874 5400">
     <span class='ocr_line' id='line_1_32' title="bbox 0 0 1874 5400; baseline 0 0"><span class='ocrx_word' id='word_1_166' title='bbox 0 0 1874 5400; x_wconf 95' lang='lat' dir='ltr'> </span> 
     </span>
    </p>
   </div>
  </div>
 </body>
</html>
