3725 5400
908 490 1147 562 -298-

429 705 613 800 chymate‚
662 708 828 800 amylum
863 703 903 780 in
949 707 1116 799 granulis
1151 710 1365 803 perpusillis
1411 710 1624 786 continente

428 854 606 908 necnon
642 834 682 906 in
718 834 1055 908 innumerabilibus
1090 835 1260 909 utriculis
1297 835 1465 928 globosis
1498 839 1624 913 oleum

429 962 660 1036 aethereum.
689 961 873 1035 Fasciculi
891 984 1072 1036 vasorum
1092 964 1318 1037 concentxici
1335 969 1372 1037 et
1391 966 1623 1040 collaterales

428 1089 565 1183 partim
584 1089 810 1162 comitantur
827 1089 931 1163 fibris
949 1090 1034 1163 libri
1050 1090 1270 1164 incrassatis
1298 1091 1479 1185 fibrisque
1506 1093 1624 1186 lepto

429 1217 568 1292 dormis
578 1217 762 1306 loculatis,
770 1218 953 1310 crystallis
963 1218 1195 1312 simplicibus
1205 1218 1311 1292 calcii
1319 1219 1624 1293 oxaliciminimis

428 1344 616 1439 praeditis.

542 1472 618 1544 too
655 1477 782 1565 partes
825 1471 962 1545 mercis
1002 1467 1053 1545 ne
1090 1472 1217 1545 minus
1251 1494 1367 1565 quam
1402 1477 1531 1566 partes
1574 1474 1623 1546 18

430 1598 584 1673 extracti
616 1598 808 1693 spirituosi
839 1599 1057 1692 praebeant.
1085 1600 1230 1673 Eadem
1262 1599 1451 1693 quantitas
1488 1600 1624 1675 mercis

432 1725 633 1799 combusta
650 1748 698 1799 ne
717 1727 804 1820 plus
824 1747 941 1819 quam
958 1732 1086 1821 partes
1106 1728 1130 1801 6
1151 1727 1286 1801 cineris
1304 1726 1504 1820 relinquat

774 2085 949 2220 ura
988 2086 1286 2221 camiac.
1325 1995 1330 2004 ’

537 2359 764 2434 latronem
783 2359 956 2434 cauata
969 2361 1117 2452 neers,
1137 2362 1266 2456 planta
1286 2362 1334 2435 aa
1352 2331 1462 2435 utora'
1475 2361 1623 2438 afflue

429 2487 620 2561 orientalis
639 2486 880 2582 intertropica
897 2488 1086 2562 habitans,

537 2614 660 2687 Radix
678 2615 777 2687 flava
795 2615 936 2688 siccata
954 2615 1114 2688 oecmnit
1128 2615 1167 2688 in
1182 2615 1388 2708 segmentis
1398 2615 1623 2691 transversis

429 2742 702 2816 orbicularibus
722 2742 949 2835 ellipticisve,
975 2764 1098 2836 usque
1118 2743 1168 2816 ad
1188 2742 1211 2815 2
1232 2743 1452 2817 centimetxa
1471 2743 1622 2835 crassis,

431 2871 536 2944 3-8
581 2870 801 2944 centimetra
837 2869 876 2942 in
918 2869 1101 2944 diametro
1139 2871 1361 2944 intermixtis
1403 2871 1499 2945 raris
1541 2892 1624 2964 seg·

429 2996 565 3071 mentis
594 2996 940 3088 longitudinalibus,
970 2996 1095 3071 Sectio
1112 3002 1332 3071 transversa
1349 2996 1502 3071 Radicis
1530 2998 1623 3072 setis

430 3124 533 3214 levis,
553 3127 782 3217 compactae,
801 3122 1003 3213 iarinosae,
1025 3123 1173 3217 saporis
1186 3123 1385 3218 peraman',
1407 3129 1515 3198 extus
1529 3125 1624 3219 peri·

426 3251 593 3325 dermate
621 3271 764 3342 rugoso
793 3250 1043 3343 griseo-fusco
1067 3250 1247 3340 obtectae,
1282 3251 1432 3324 exbibet
1463 3256 1623 3325 stratum

426 3377 599 3452 co1ticale
617 3378 747 3467 latum
765 3377 805 3451 in
816 3382 983 3451 extrema
996 3383 1102 3472 parte
1118 3378 1302 3467 citrinum,
1323 3377 1512 3453 introrsus
1521 3379 1624 3472 palli·

426 3504 510 3578 dius
531 3507 567 3577 et
584 3503 740 3578 remotis
758 3504 865 3577 lineis
885 3504 1003 3578 fuscis
1022 3505 1194 3578 radiatim
1214 3505 1414 3598 signatum
1439 3505 1539 3578 linea
1556 3505 1623 3580 cir·

426 3631 541 3705 culmi
563 3632 666 3725 pulla
690 3631 825 3704 cambii
847 3631 1089 3705 terminatum
1109 3637 1146 3705 et
1158 3633 1304 3725 lignum
1318 3632 1481 3706 centrale
1500 3631 1623 3706 subci-

423 3757 563 3831 ninum
596 3763 661 3832 aut
680 3758 1063 3848 cinereo-flavescens,
1096 3781 1229 3850 grosse
1262 3759 1490 3832 delineatam
1507 3759 1622 3833 radiis

423 3885 691 3959 fasciculorum
700 3885 788 3977 ligni
798 3884 943 3977 passim
952 3885 1168 3980 intemuptis
1179 3885 1445 3978 griseo-luscis,
1458 3885 1621 3980 porosis.

533 4012 655 4086 Sectio
681 4011 834 4085 Radicis
863 4012 1052 4086 solutione
1071 4013 1158 4086 kalii
1175 4013 1452 4107 hydrooxydati
1469 4014 1621 4087 humec-

423 4144 501 4214 tata
535 4140 701 4213 colorem
737 4138 1031 4229 flisco-mmmm,
1076 4139 1263 4214 solutione
1296 4139 1373 4213 iodi
1405 4141 1622 4214 caenuleum

425 4266 568 4360 accipit.

532 4392 793 4485 Parenchyma
812 4397 849 4466 et
868 4393 1016 4467 corticis
1042 4400 1079 4468 et
1095 4393 1187 4487 ligni
1205 4393 1358 4467 Radicis
1388 4415 1459 4487 ope
1488 4393 1621 4467 micro·

424 4519 542 4614 scopii
571 4518 804 4593 examinatae
838 4524 958 4593 scatet
977 4521 1103 4612 granis
1133 4520 1244 4614 amyli
1265 4519 1408 4614 grossis
1442 4519 1620 4616 (so-45

423 4645 752 4720 naieromillimetra
771 4650 808 4720 et
825 4648 937 4737 ultra)
956 4647 1187 4742 simplicibus
1217 4653 1254 4721 et
1277 4649 1500 4742 plerumque
1533 4646 1621 4720 irre·
