3725 5400
727 497 964 573 -287-

339 712 613 848 Plunbun
640 710 1100 885 hyperoxydatuu
1127 715 1359 850 rubrum.

759 920 936 1002 Minium.

359 1081 485 1155 Pulvis
523 1081 647 1172 ruber,
686 1081 726 1155 in
763 1104 862 1176 aqua
897 1083 1118 1174 insolubilis,
1160 1082 1267 1157 acido
1305 1081 1443 1176 hydro·

252 1207 415 1282 chlorico
459 1208 623 1282 admixto
666 1208 838 1283 chlorum
880 1209 1053 1285 emittens
1100 1209 1310 1284 sedimento
1357 1209 1443 1283 albo

160 1371 162 1378 ·
251 1334 464 1428 crystallino
484 1335 630 1410 effecto.

360 1461 525 1536 Miscella
544 1484 564 1536 e
585 1462 763 1555 grammis
784 1463 843 1537 lb
872 1463 1020 1537 Plumbi
1046 1463 1317 1558 hyperoxydati
1342 1462 1446 1536 rubri

127 1624 130 1632 ·
254 1593 292 1660 et
324 1588 348 1662 5
382 1588 641 1681 decigramrnis
680 1589 777 1663 acidi
813 1590 945 1664 oxalici
978 1590 1120 1664 sensim
1156 1590 1196 1663 in
1229 1589 1446 1664 centimetra

125 1807 126 1812 Ν
255 1714 387 1789 cubica
423 1717 470 1790 ll
510 1716 606 1791 acidi
642 1717 762 1791 nitn‘ci
793 1718 925 1792 fervidi
956 1718 1136 1808 immissa
1170 1716 1305 1791 additis
1334 1715 1445 1791 centi-

253 1842 381 1917 metris
411 1842 552 1917 cubicis
583 1845 632 1919 25
654 1866 774 1937 aquae
793 1844 982 1919 bullientis
1010 1845 1088 1919 fere
1123 1866 1169 1918 ex
1199 1844 1345 1937 integro
1373 1844 1446 1917 sol·

251 1974 371 2060 vatur,
391 1992 439 2045 ne
453 1971 539 2064 plus
555 1993 670 2063 quam
683 1972 982 2064 milligrammata
997 1972 1048 2046 25
1064 1971 1205 2046 residui
1217 1972 1445 2065 relinquens.

408 2243 853 2354 mumdum
891 2242 1287 2355 iudaeum.

362 2425 490 2500 Pulvis
511 2427 748 2520 crystallinus
771 2428 1010 2521 ponderosus
1036 2449 1082 2501 ex
1105 2449 1220 2502 aureo
1244 2428 1379 2517 flavus,
1408 2426 1448 2500 in

255 2554 427 2646 partibus
458 2554 603 2628 circiter
631 2555 737 2629 2000
758 2576 879 2647 aquae
908 2555 1079 2648 frigidae,
1108 2555 1253 2629 facilius
1280 2555 1322 2629 in
1348 2576 1448 2648 aqua

261 2679 404 2754 fervida
426 2703 497 2755 nec
517 2703 595 2755 non
618 2681 658 2757 in
682 2682 869 2758 solutione
889 2683 1070 2758 ammonii
1089 2682 1247 2757 chlorati
1266 2682 1451 2773 solubilis;

265 2808 468 2883 calefactus
486 2810 658 2901 liquescit
677 2814 715 2883 et
732 2832 894 2905 vapores
912 2812 1103 2885 violaceos
1124 2811 1271 2887 emittit.

370 2936 514 3010 Solutio
534 2959 690 3030 aquosa,
713 2960 785 3032 ope
806 2939 985 3012 ammonii
1010 2938 1166 3012 chlorati
1189 2943 1322 3030 parata
1344 2938 1452 3012 acido

262 3062 439 3138 sulfurico
461 3064 577 3138 diluto
597 3064 723 3139 addito
743 3065 1028 3159 praecipitatum
1043 3066 1183 3155 album,
1202 3085 1304 3157 aqua
1316 3064 1452 3157 hydro·

260 3190 444 3265 sulfurata
461 3192 611 3285 nigrum
633 3193 800 3267 demittit
1442 3270 1446 3275 ι

368 3319 510 3393 Solutio
539 3320 757 3411 grammatis
785 3319 933 3393 Plumbi
963 3319 1078 3393 iodati
1109 3318 1149 3392 in
1182 3340 1282 3411 aqua
1312 3319 1455 3392 fervida

261 3466 332 3540 ope
370 3447 550 3519 ammonii
587 3447 744 3521 chlorati
774 3453 907 3541 parata
944 3453 981 3520 et
1017 3467 1108 3538 gase
1146 3445 1452 3539 hydrosuliurato

262 3574 477 3647 abundante
513 3576 757 3669 praecipitata
791 3575 969 3648 filtraturn
1016 3574 1206 3668 praebeat,
1255 3572 1357 3667 quod
1404 3572 1453 3646 ad

262 3700 404 3774 siccum
424 3706 667 3795 evaporatum
692 3709 729 3777 et
751 3703 910 3796 ignitum
928 3701 1124 3775 residuum
1142 3701 1384 3795 ponderabile
1404 3722 1452 3774 ne

259 3830 456 3924 relinquat.

559 4027 831 4162 Plunbun
859 4024 1163 4195 nudatum.

701 4234 999 4339 Lithargyru'm.

369 4393 495 4467 Pulvis
521 4393 714 4468 subflarus
746 4396 806 4467 vel
838 4393 1180 4466 rubro-flavescens
1215 4391 1292 4464 sive
1324 4409 1455 4462 massa

262 4540 470 4611 squamosa
488 4522 656 4594 eiusdem
676 4522 823 4609 coloris
853 4521 892 4593 in
911 4541 1012 4613 aqna
1033 4518 1264 4605 insolubilis;
1283 4517 1323 4591 in
1346 4516 1453 4589 acido

261 4646 393 4720 uitrico
431 4669 531 4740 aqua
567 4648 683 4721 diluto
720 4649 883 4741 perfecte
922 4646 1087 4721 solvitur.
1138 4644 1279 4719 Solutio
1318 4643 1453 4717 coloris
