3725 5400
738 480 979 552 -3u7-

258 715 359 786 aqua
386 694 425 768 in
453 700 661 770 extremum
690 697 842 787 dilutuS,
873 698 998 770 colore
1028 718 1048 770 e
1078 698 1250 771 caeruleo
1277 698 1458 772 subviridi

257 822 460 896 fluorescit.
1398 887 1403 894 -

365 949 407 1023 In
446 950 637 1025 ammonia
668 950 812 1025 Resina
843 950 1068 1045 Podophylli
1106 973 1151 1025 ex
1189 933 1268 1026 toto
1302 952 1458 1026 solvitur

258 1077 382 1151 colore
411 1078 509 1151 ssavo
537 1077 597 1152 vel
625 1079 857 1167 aurantiaeo;
889 1101 908 1151 1
938 1079 1082 1171 liquore
1106 1079 1193 1154 inde
1214 1083 1296 1152 orto
1314 1079 1458 1153 Resina

257 1225 345 1277 cum
363 1204 479 1278 acidis
499 1205 773 1299 praecipitatur.

365 1331 508 1406 Solutio
536 1332 699 1406 Resinae
725 1332 941 1423 alcoholica,
973 1333 1108 1406 additis
1133 1334 1245 1426 guttis
1264 1335 1456 1408 nonnullis

256 1458 469 1532 ammoniae
498 1481 585 1533 cum
613 1460 768 1553 plumbo
798 1460 938 1534 acetico
962 1460 1091 1533 basico
1125 1462 1250 1535 soluto
1270 1460 1456 1535 sedimen·

255 1589 337 1659 tum
356 1585 660 1680 copiosissimum
682 1587 818 1660 coloris
839 1587 1045 1660 aurantiaci
1064 1587 1231 1662 demittit

363 1715 405 1788 ln
438 1713 589 1787 aethere
624 1718 661 1787 et
692 1712 731 1786 in
766 1714 1031 1787 chloroformio
1064 1714 1207 1789 Resina
1233 1714 1456 1809 Podophylli

255 1840 408 1914 nonnisi
418 1863 465 1914 ex
473 1846 579 1936 parte
592 1840 756 1915 solantur.
767 1841 975 1915 Combusta
985 1863 1033 1914 ne
1047 1842 1134 1935 plus
1145 1863 1260 1934 quam
1273 1843 1450 1936 parteml

257 1968 391 2043 cineris
411 1968 644 2062 expertibus
669 1970 744 2041 100
763 1969 959 2062 relinquat

580 2289 781 2426 Resina
809 2290 1134 2426 sandaraca.

307 2627 312 2642 Ι
368 2546 527 2620 Callilrir
566 2547 809 2644 quadavalvis
854 2548 1116 2638 Ventenant,
1165 2549 1278 2622 arbor
1304 2550 1452 2625 Africae

253 2673 662 2750 boreali-occidentalis

364 2801 508 2875 Succus
551 2803 757 2893 resinosus,
790 2825 809 2877 e
854 2803 989 2877 cortice
1027 2804 1149 2877 11111111
1185 2825 1452 2896 ramorumque

254 2933 390 3023 sponte
429 2929 587 3002 effluens
617 2938 704 3003 aere
733 2930 930 3003 induratus
961 2931 1058 3004 sistit
1085 2930 1248 3004 maxima
1276 2937 1451 3024 exparte

252 3057 414 3131 frustula
438 3057 612 3148 elongata
631 3057 872 3147 caulilormia,
894 3057 1096 3150 cylindrica
1112 3062 1148 3131 ct
1162 3057 1449 3151 subcylindrica,

252 3182 374 3256 rarius
417 3183 651 3274 subglobosa
684 3189 721 3256 11
751 3183 956 3277 pirilormia
995 3184 1129 3257 coloris
1169 3183 1449 3274 alnido-citrini,

251 3309 449 3402 pellucida,
479 3309 518 3382 in
546 3311 710 3383 fractura
739 3311 924 3383 conchata
951 3311 1034 3384 vitri
1061 3310 1179 3384 instar
1203 3311 1449 3404 splendentia,

253 3436 450 3530 superficie
480 3436 600 3510 laevia
619 3442 686 3537 aut
704 3438 858 3529 paulum
877 3438 1149 3531 pulverulenta,
1175 3437 1342 3527 friabilia,
1371 3437 1451 3532 pul·

252 3585 379 3637 vorem
409 3564 535 3637 album
564 3563 792 3657 praebentia,
836 3564 964 3638 odoris
993 3564 1186 3639 balsamici
1219 3564 1451 3638 subterebin·

251 3689 385 3781 tiracei,
417 3692 563 3783 saporis
593 3691 724 3764 debilis
754 3692 954 3781 aromatici,
984 3692 1232 3780 amariusculi,
1256 3691 1452 3765 masticata

251 3816 291 3890 in
310 3817 504 3910 pulverem
524 3818 733 3891 dilabentia.

359 3943 502 4017 Resina
519 3951 774 4039 temperatura
794 3945 937 4018 circiter
961 3947 1058 4018 1350
1081 3945 1265 4038 liquescit;
1296 3944 1451 4018 solvitur

250 4069 357 4143 facile
383 4076 420 4144 et
443 4093 488 4145 ex
512 4076 590 4145 toto
624 4072 663 4144 in
687 4071 818 4165 spiritu
842 4072 917 4144 vini
937 4072 1030 4145 etin
1050 4073 1200 4146 aethere
1220 4094 1290 4146 nec
1309 4094 1388 4146 non
1410 4071 1451 4145 in

250 4198 334 4270 oleo
364 4197 446 4270 Lini
469 4198 623 4287 fervido,
653 4221 720 4292 per
739 4204 885 4292 partem
904 4199 943 4271 in
963 4198 1239 4288 chloroforrnio,
1261 4199 1449 4272 carboneo

252 4324 436 4398 sulfurato
457 4325 550 4398 etin
569 4325 653 4399 oleo
673 4325 971 4399 Terebinthinae.

358 4449 502 4523 Resina
521 4451 738 4525 Sandaraca
766 4474 813 4525 ne
833 4452 906 4525 nisi
924 4452 1081 4544 vestigia
1101 4452 1233 4526 cineris
1253 4453 1449 4545 relinquat.
