3725 5400
905 483 1147 555 -308-

735 697 1315 811 Renunciatum.

536 865 707 957 Crystalli
740 865 936 939 decolores
974 864 1101 939 odoris
1138 868 1216 940 fere
1254 868 1437 958 expertes
1477 863 1622 957 sapo1is

427 993 620 1066 subdulcis
655 992 791 1086 asperi;
826 998 1079 1087 temperatura
1114 991 1376 1066 1100-1110
1398 991 1622 1085 liquescunt,

427 1119 650 1193 fervefactae
683 1120 794 1213 plane
828 1122 989 1195 avolant.
1027 1120 1070 1193 In
1098 1143 1197 1220 aqua
1223 1141 1293 1194 nec
1321 1141 1400 1193 non
1427 1119 1465 1192 in
1494 1119 1625 1211 spiritu

426 1246 512 1337 vini,
531 1246 571 1320 in
590 1248 740 1321 aethere
757 1254 794 1321 et
808 1248 995 1339 glycerino
1015 1248 1132 1338 facile,
1150 1247 1190 1320 in
1209 1246 1474 1321 chloroformio
1490 1252 1525 1320 et
1545 1268 1622 1318 car-

431 1372 556 1447 boneo
576 1375 760 1448 sulfurato
780 1375 927 1448 difficile
947 1375 1155 1448 solvuntur.

538 1500 680 1575 Solutio
711 1523 857 1595 aquosa
888 1502 1096 1590 Resorcini‚
1132 1502 1259 1576 addito
1291 1502 1447 1596 plumbo
1481 1502 1621 1575 acetieo

426 1626 555 1702 basico
603 1629 728 1702 soluto
762 1636 828 1703 aut
859 1630 993 1703 bromo
1021 1630 1061 1703 in
1089 1651 1189 1723 aqua
1217 1631 1341 1705 soluto
1371 1629 1622 1703 sedimentum

428 1753 554 1826 album
566 1754 731 1846 demittit,
752 1756 849 1830 ferro
861 1756 1160 1850 sesquichlorato
1177 1757 1302 1831 soluto
1319 1756 1446 1830 addito
1457 1756 1622 1829 colorem

341 1927 345 1936 «
425 1881 634 1955 violaceum
653 1883 783 1957 induit.

535 2008 851 2102 Centigrammata
895 2012 917 2085 5
955 2011 1164 2101 Resorcini,
1199 2033 1285 2086 cum
1333 2012 1620 2104 decigrammate

426 2136 522 2209 acidi
549 2138 712 2211 tartarici
740 2144 776 2212 et
805 2161 891 2212 cum
919 2140 1032 2231 guttis
1065 2140 1114 2212 10
1143 2139 1240 2212 acidi
1266 2139 1435 2213 sulfurici
1463 2161 1621 2213 concen·
1744 2233 1747 2234 f

424 2263 511 2336 irati
530 2270 637 2338 caute
662 2266 850 2356 calefacta
883 2266 1069 2359 liquorem
1087 2266 1269 2359 praebent
1288 2266 1423 2340 coloris
1444 2267 1618 2341 coccinei.

535 2392 678 2465 Solutio
707 2414 854 2485 aquosa
870 2392 1069 2466 Rasorrini
1096 2393 1145 2466 sit
1172 2393 1335 2483 decolor,
1366 2395 1535 2468 chartam
1559 2417 1620 2469 ex·
1762 2414 1764 2417 ’

425 2519 667 2614 ploratorium
686 2520 745 2593 vix
765 2526 883 2594 mutet
903 2525 939 2594 et
959 2521 1137 2594 calefacta
1156 2520 1362 2614 phenolum
1376 2543 1424 2594 ne
1439 2522 1617 2596 redoleat.

535 2648 711 2722 Servetur
730 2672 752 2722 a
770 2649 853 2723 luce
872 2654 1072 2723 remotum.

802 2901 950 3036 Roob
987 2901 1239 3073 iuniperi.

422 3118 495 3213 Rp:
528 3124 709 3195 fructuum
727 3126 875 3214 iuniperi
897 3126 1084 3196 recentium
1103 3130 1307 3195 maturomn
1327 3130 1362 3196 et

639 3260 853 3326 contusarum
1345 3260 1470 3348 partes
1526 3253 1605 3324 100

530 3384 642 3469 Aquae
1344 3387 1471 3476 partes
1526 3381 1617 3453 400.

494 3504 642 3579 Macera
670 3529 737 3599 per
766 3508 817 3579 04
845 3507 973 3596 horas
1003 3512 1084 3580 tum
1109 3507 1272 3600 exprime
1294 3512 1330 3580 el
1348 3506 1619 3581 remanentiam

421 3632 691 3724 superinfunde
713 3656 799 3707 cum

530 3765 643 3850 Aquae
662 3764 814 3833 fervidae
1306 3758 1470 3855 portibus
1527 3759 1616 3833 000.

495 3886 644 3980 Sepone
686 3910 754 3981 per
789 3890 811 3960 3
846 3889 962 3961 horas
996 3893 1033 3960 et
1073 3888 1344 3961 remanentiam
1380 3886 1514 3961 iterum
1557 3909 1616 3960 ex·

422 4014 552 4107 prime.

494 4142 676 4237 Liquores
697 4143 919 4216 commixtos
940 4118 1094 4236 sapone,
1113 4143 1195 4216 cola
1219 4147 1256 4216 et
1269 4143 1308 4216 in
1325 4142 1461 4217 balneo
1496 4163 1617 4236 aquae

421 4268 471 4341 ad
492 4269 773 4343 consistentiam
794 4270 914 4343 mellis
935 4292 1108 4363 evapora.

494 4394 554 4469 Ad
573 4396 686 4470 finem
708 4398 983 4491 evaporationis
1004 4398 1101 4471 adde

531 4524 689 4596 decolari
707 4527 743 4596 in
762 4527 903 4615 pulvere
1345 4530 1474 4622 partes
1561 4527 1619 4599 10.

530 4650 658 4723 Massa
685 4650 844 4740 turbida,
876 4651 1141 4725 consistentiae
1174 4651 1305 4741 mellis,
1339 4651 1474 4725 coloris
1508 4651 1617 4740 fusci,
