3725 5400
903 457 1139 529 -186-

424 673 674 748 maceratione
694 674 733 747 in
752 695 853 767 aqua
872 679 909 747 et
926 674 1076 747 lusione
1096 696 1182 748 oum
1202 674 1346 748 malleis
1365 674 1498 767 ligneis
1512 694 1618 768 prae·

423 805 564 893 parata,
583 800 622 874 in
641 800 777 894 vulgus
797 801 1003 874 notissima.

532 926 706 1001 Amarae
726 927 822 1000 kalio
841 928 973 1000 nitrioo
993 928 1250 1021 impraegnata
1269 950 1372 1002 cave.

531 1054 626 1129 Pars
664 1056 681 1127 1
717 1055 853 1128 mercis
887 1056 1089 1129 absorbeat
1120 1056 1246 1129 statim
1277 1061 1404 1150 partes
1436 1055 1617 1149 loquum

421 1202 523 1276 aqua
549 1182 636 1257 inde
665 1203 846 1276 expressa
873 1184 1113 1276 evaporando
1142 1205 1190 1256 ne
1222 1184 1408 1276 relinquat
1425 1182 1618 1256 residuum

320 1326 325 1336 ’
422 1309 495 1382 nisi
513 1310 719 1384 minimum.

658 1546 1002 1680 munaus
1039 1542 1391 1657 harim.

843 1714 1046 1821 Agerinus
1068 1717 1197 1797 albus.

530 1874 728 1972 Polyporus
743 1872 934 1968 officinalis
953 1873 1084 1963 Friea
1102 1875 1243 1967 fungus
1257 1874 1460 1948 innascens
1474 1873 1616 1948 truncis

420 2002 580 2075 annosis
599 2001 680 2075 Pini
698 2002 837 2075 Lariois
855 2001 1039 2095 imprimis
1058 2001 1097 2074 in
1116 2001 1257 2074 Russia
1276 2002 1426 2076 boreali.

530 2129 655 2203 Pileus
694 2129 836 2202 sessilis
873 2128 1032 2218 validus
1071 2150 1194 2221 usque
1227 2129 1276 2201 ad
1322 2113 1617 2222 magnitudinem

420 2255 552 2350 capitis
571 2256 761 2344 infantilis,
782 2256 1002 2350 plerumque
1014 2255 1424 2350 subnernisphaerieua
1445 2256 1617 2330 subsoni-

422 2404 491 2456 ous
513 2387 578 2456 aut
596 2383 912 2475 pulvinarilormis
933 2381 1182 2455 decorticatus
1203 2388 1239 2455 et
1258 2383 1431 2456 siccatus.

529 2510 634 2585 Marx
666 2510 763 2583 sistit
795 2509 1044 2583 communiter
1076 2511 1196 2582 frusta
1222 2509 1308 2602 pilei
1334 2510 1458 2583 variae
1478 2512 1618 2603 magni·

421 2638 561 2713 tudinis
581 2638 678 2728 alba,
708 2637 814 2726 levia,
844 2636 1003 2728 tenacia,
1038 2636 1106 2710 sed
1136 2636 1307 2727 friabilia,
1347 2636 1617 2729 subsarinaoea,

423 2767 669 2861 inquinantia,
687 2766 764 2839 sere
779 2765 951 2854 inodora,
974 2765 1120 2860 saporis
1140 2766 1262 2858 primo
1283 2765 1516 2857 dulciusruli‚
1537 2766 1624 2839 dein

421 2894 541 2968 amari
559 2892 739 2966 nauseosi
757 2892 999 2965 inhaerentis.

531 3021 686 3113 Fungus
719 3020 859 3093 Larieis
892 3019 1024 3113 spiritu
1056 3019 1132 3091 vini
1156 3018 1353 3092 ebulliente
1376 3021 1538 3113 perfecte
1559 3041 1619 3094 ex·

423 3153 564 3222 tractus
586 3170 632 3221 ex
650 3147 818 3240 partibus
839 3148 914 3219 100
929 3168 976 3220 ne
992 3147 1118 3220 minus
1134 3168 1249 3239 quarn
1264 3153 1390 3241 partes
1407 3149 1620 3223 auresinae
1670 3247 1672 3250 ι

422 3276 609 3370 praebeat
652 3274 793 3347 Eadem
828 3275 1017 3366 quantitas
1050 3273 1186 3347 merois
1220 3276 1418 3348 combusta
1449 3296 1497 3349 ne
1534 3277 1620 3369 plus

424 3425 538 3496 quam
558 3407 685 3496 partes
706 3402 728 3474 Ξ)
746 3403 879 3475 cineris
897 3403 971 3475 alni
989 3402 1184 3495 relinquat
1619 3387 1622 3392 ’

535 3530 635 3602 Marx
651 3529 861 3602 difficillime
877 3531 916 3603 in
930 3531 1123 3623 pulverem
1143 3530 1317 3603 subtilem
1331 3530 1537 3623 redigenda
1551 3537 1618 3605 est

423 3656 482 3730 Ad
502 3656 575 3730 hoo
596 3657 833 3730 efficiendum
853 3658 1008 3750 Fungus
1032 3657 1172 3730 Larieis
1188 3658 1364 3733 concisus
1398 3657 1620 3750 mucilagine

425 3784 569 3877 gummi
588 3783 745 3857 Aoaoiae
761 3787 826 3856 aut
840 3783 1126 3876 Tragaeanthae
1142 3785 1354 3873 conteritur,
1366 3790 1446 3858 tum
1461 3786 1622 3858 sineatur

425 3915 462 3983 et
480 3911 706 4003 pulveratnr.

518 4298 523 4306 ,
669 4164 1014 4298 mnam
1050 4161 1386 4274 securta

816 4331 959 4414 Seoale
982 4342 1209 4413 cornutum.

540 4488 721 4588 Clavioeps
748 4515 935 4586 pnrpurea
968 4493 1179 4581 Tulasne‚
1214 4495 1353 4585 timaus
1384 4515 1533 4568 annuus
1563 4494 1622 4567 vel

425 4617 583 4692 biennia.
