3725 5400
889 439 1125 512 -184-

409 654 616 745 marginem
631 656 785 729 seminis
799 657 1079 748 attingentibus,
1097 657 1164 731 sed
1179 657 1217 730 in
1231 657 1399 731 faciebus
1417 659 1606 752 utrimque

410 781 598 856 alburnos
619 783 889 876 mucilaginosa
909 784 1076 859 obtectis,

517 909 561 983 In
589 931 689 1003 aqua
711 914 900 985 macerata
927 912 1074 986 semina
1098 918 1312 986 tumescunt
1331 917 1368 986 et
1386 934 1605 1006 compressa

410 1036 581 1111 facillime
596 1038 839 1131 embryonem
859 1060 979 1132 aeque
998 1060 1042 1112 ac
1061 1040 1254 1133 portiones
1275 1041 1470 1115 decolores
1489 1040 1605 1114 muci·

409 1163 543 1256 laginis
563 1185 584 1238 e
602 1169 701 1238 testa
719 1166 963 1240 subcoriacea
982 1166 1190 1241 demittunt.

517 1291 677 1365 Fructus
706 1297 796 1366 sunt
823 1294 951 1366 odoris
981 1298 1017 1368 et
1050 1294 1198 1387 saporis
1235 1294 1412 1369 foliorum
1441 1294 1603 1384 Sennae,

409 1418 477 1492 sed
498 1417 644 1512 saporis
664 1419 783 1512 magis
802 1419 1073 1513 mucilaginosi.

524 1547 597 1620 100
616 1551 742 1640 partas
758 1546 894 1620 marcis
910 1548 1129 1622 combustae
1144 1570 1193 1623 ne
1207 1548 1293 1641 plus
1309 1569 1424 1641 quam
1437 1552 1564 1642 partes
1581 1548 1605 1619 6

412 1673 546 1747 cineris
575 1673 650 1746 albi
677 1694 798 1766 paene
827 1675 908 1747 sine
938 1674 1090 1748 residuo
1119 1675 1158 1748 in
1184 1675 1290 1749 acido
1317 1673 1606 1767 hydrochlorico

411 1800 581 1874 solubilis
600 1801 823 1894 relinquant.

719 2090 949 2224 Fructus
979 2090 1296 2225 lanarirdi.

522 2310 760 2383 Tomariadus
778 2309 906 2383 Iadica
925 2311 976 2401 L„
997 2312 1109 2384 arbor
1132 2310 1296 2385 inludia
1323 2311 1492 2385 orientali
1511 2317 1548 2385 et
1567 2312 1605 2385 in

411 2438 492 2511 aliis
512 2438 728 2530 regionibus
747 2438 898 2531 tropicis
918 2439 1029 2512 culta

521 2565 640 2658 Pulpa
683 2587 703 2638 e
749 2565 1002 2658 leguminibus
1050 2565 1398 2659 compressiusculis
1451 2566 1607 2659 sapiatis

411 2691 730 2767 indehiscentibus
765 2693 961 2786 depromta
994 2693 1091 2768 sistit
1122 2715 1290 2767 massam
1313 2693 1475 2781 mollem,
1503 2699 1606 2766 tena·
1700 2704 1703 2712 '

410 2841 501 2910 cem,
524 2820 680 2913 nigram,
704 2821 831 2894 odoris
854 2820 988 2909 vinosi,
1019 2821 1165 2914 saporis
1198 2820 1307 2895 valde
1341 2820 1449 2910 acidi,
1488 2820 1598 2893 inter·

409 2949 563 3021 mixtam
577 2947 795 3039 fragmentis
814 2948 1012 3041 pericarpii
1031 2947 1214 3021 crustacei
1228 2947 1367 3038 fragilis
1382 2946 1603 3034 ssavo-lusci,

410 3074 1605 3166 fasciculisvasorumrestilormibustenacissimisseminibusque

409 3201 814 3293 rotundato-angulatis
839 3202 1067 3294 compressis
1100 3201 1360 3290 rubro-fuscis,
1388 3200 1604 3290 nitentibus

410 3350 488 3401 non
507 3349 593 3401 raro
613 3328 738 3402 adhuc
756 3328 912 3401 inclusis
938 3329 1061 3402 loculo
1081 3328 1290 3401 sacellormi
1308 3328 1518 3403 chartaceo.

517 3455 733 3528 Grammata
762 3454 814 3528 20
842 3455 978 3528 mercis
1012 3476 1035 3527 a
1063 3455 1271 3528 seminibus
1307 3455 1486 3528 liberatae
1516 3475 1603 3528 cum

412 3581 591 3672 grammis
635 3581 709 3653 190
748 3602 869 3674 aquae
916 3582 1079 3674 perfecte
1127 3585 1303 3671 extracta,
1342 3583 1548 3676 praebeant
1584 3604 1605 3654 e

409 3707 588 3800 grammis
625 3709 701 3781 100
734 3708 890 3800 liqtroris
923 3709 1049 3781 filtrati
1081 3709 1233 3782 minime
1267 3715 1475 3800 grammata
1499 3711 1522 3782 ὁ
1543 3731 1603 3782 ex·

407 3835 515 3908 tracti
534 3835 631 3908 sicci.

519 3961 595 4034 100
613 3967 740 4055 partes
769 3962 905 4037 mercis
934 3985 982 4036 ne
1012 3963 1098 4055 plus
1126 3984 1240 4055 quarn
1268 3968 1394 4056 partes
1425 3962 1605 4036 3cineris

407 4087 630 4181 relinquant

514 4215 716 4290 Reiiciatur
734 4236 840 4290 merx
860 4216 996 4290 coloris
1011 4217 1107 4290 lusci
1121 4217 1180 4290 vel
1195 4215 1434 4305 fusco-rubri,
1457 4216 1604 4310 saporis

406 4342 532 4415 acerbi
550 4346 615 4415 aut
634 4342 838 4432 subdulds
868 4343 996 4416 odoris
1020 4343 1166 4432 mucidi,
1196 4342 1461 4418 consistentiae
1480 4344 1601 4437 pulta·

407 4489 506 4557 ceae,
535 4489 655 4561 aeque
683 4491 727 4542 ac
756 4491 853 4562 qnae
882 4470 999 4542 nimia
1028 4472 1172 4544 semina
1199 4471 1482 4563 fragmentaque
1507 4471 1601 4564 peri-

407 4595 523 4688 carpii
542 4596 718 4669 continet.
