<?xml version="1.0" encoding="UTF-8"?>
<!DOCTYPE html PUBLIC "-//W3C//DTD XHTML 1.0 Transitional//EN"
    "http://www.w3.org/TR/xhtml1/DTD/xhtml1-transitional.dtd">
<html xmlns="http://www.w3.org/1999/xhtml" xml:lang="en" lang="en">
 <head>
  <title>
</title>
<meta http-equiv="Content-Type" content="text/html;charset=utf-8" />
  <meta name='ocr-system' content='tesseract 3.04.00' />
  <meta name='ocr-capabilities' content='ocr_page ocr_carea ocr_par ocr_line ocrx_word'/>
</head>
<body>
  <div class='ocr_page' id='page_1' title='image "./pharmacopoeaaus00innegoog_0141.png"; bbox 0 0 3725 5400; ppageno 0'>
   <div class='ocr_carea' id='block_1_1' title="bbox 742 487 984 559">
    <p class='ocr_par' dir='ltr' id='par_1_1' title="bbox 742 487 984 559">
     <span class='ocr_line' id='line_1_1' title="bbox 742 487 984 559; baseline 0.008 -2"><span class='ocrx_word' id='word_1_1' title='bbox 742 487 984 559; x_wconf 84' lang='lat'>-109-</span> 
     </span>
    </p>
   </div>
   <div class='ocr_carea' id='block_1_2' title="bbox 691 700 1032 868">
    <p class='ocr_par' dir='ltr' id='par_1_2' title="bbox 691 700 1032 868">
     <span class='ocr_line' id='line_1_2' title="bbox 691 700 1032 868; baseline 0 -35"><span class='ocrx_word' id='word_1_2' title='bbox 691 700 1032 868; x_wconf 78' lang='lat' dir='ltr'>liugenolun.</span> 
     </span>
    </p>
   </div>
   <div class='ocr_carea' id='block_1_3' title="bbox 265 918 1458 3177">
    <p class='ocr_par' dir='ltr' id='par_1_3' title="bbox 377 918 1283 1017">
     <span class='ocr_line' id='line_1_3' title="bbox 377 918 1283 1017; baseline 0.003 -25"><span class='ocrx_word' id='word_1_3' title='bbox 377 918 430 994; x_wconf 77' lang='lat' dir='ltr'>lix</span> <span class='ocrx_word' id='word_1_4' title='bbox 448 923 532 996; x_wconf 92' lang='lat' dir='ltr'>oleo</span> <span class='ocrx_word' id='word_1_5' title='bbox 553 922 727 996; x_wconf 88' lang='lat' dir='ltr'>aethereo</span> <span class='ocrx_word' id='word_1_6' title='bbox 748 920 1080 1017; x_wconf 80' lang='lat' dir='ltr'>Caivophyllorum</span> <span class='ocrx_word' id='word_1_7' title='bbox 1100 927 1283 1015; x_wconf 85' lang='lat' dir='ltr'>paratum.</span> 
     </span>
    </p>

    <p class='ocr_par' dir='ltr' id='par_1_4' title="bbox 266 1048 1458 1652">
     <span class='ocr_line' id='line_1_4' title="bbox 374 1048 1457 1142; baseline 0 -20"><span class='ocrx_word' id='word_1_8' title='bbox 374 1048 516 1142; x_wconf 88' lang='lat' dir='ltr'>liquor</span> <span class='ocrx_word' id='word_1_9' title='bbox 551 1048 726 1142; x_wconf 88' lang='lat' dir='ltr'>limpidus</span> <span class='ocrx_word' id='word_1_10' title='bbox 769 1050 920 1124; x_wconf 90' lang='lat' dir='ltr'>decolor</span> <span class='ocrx_word' id='word_1_11' title='bbox 961 1055 1027 1126; x_wconf 90' lang='lat' dir='ltr'>aut</span> <span class='ocrx_word' id='word_1_12' title='bbox 1072 1051 1290 1139; x_wconf 88' lang='lat' dir='ltr'>flavescens,</span> <span class='ocrx_word' id='word_1_13' title='bbox 1336 1054 1457 1123; x_wconf 88' lang='lat' dir='ltr'>tractu</span> 
     </span>
     <span class='ocr_line' id='line_1_5' title="bbox 268 1176 1458 1272; baseline -0.001 -21"><span class='ocrx_word' id='word_1_14' title='bbox 268 1176 447 1271; x_wconf 88' lang='lat' dir='ltr'>temporis</span> <span class='ocrx_word' id='word_1_15' title='bbox 468 1184 554 1251; x_wconf 77' lang='lat' dir='ltr'>atre</span> <span class='ocrx_word' id='word_1_16' title='bbox 573 1178 805 1266; x_wconf 77' lang='lat' dir='ltr'>iiuscescenS,</span> <span class='ocrx_word' id='word_1_17' title='bbox 831 1178 958 1253; x_wconf 88' lang='lat' dir='ltr'>odoris</span> <span class='ocrx_word' id='word_1_18' title='bbox 987 1177 1282 1272; x_wconf 72' lang='lat' dir='ltr'>fragrantissimi,</span> <span class='ocrx_word' id='word_1_19' title='bbox 1311 1177 1458 1269; x_wconf 86' lang='lat' dir='ltr'>saporis</span> 
     </span>
     <span class='ocr_line' id='line_1_6' title="bbox 267 1303 1458 1398; baseline -0.002 -20"><span class='ocrx_word' id='word_1_20' title='bbox 267 1303 410 1379; x_wconf 88' lang='lat' dir='ltr'>urentis</span> <span class='ocrx_word' id='word_1_21' title='bbox 425 1304 626 1394; x_wconf 89' lang='lat' dir='ltr'>aromatici,</span> <span class='ocrx_word' id='word_1_22' title='bbox 642 1304 821 1398; x_wconf 89' lang='lat' dir='ltr'>ponderis</span> <span class='ocrx_word' id='word_1_23' title='bbox 850 1305 1014 1398; x_wconf 87' lang='lat' dir='ltr'>specifici</span> <span class='ocrx_word' id='word_1_24' title='bbox 1042 1304 1346 1392; x_wconf 58' lang='lat' dir='ltr'>rom-roim</span> <span class='ocrx_word' id='word_1_25' title='bbox 1366 1308 1458 1377; x_wconf 87' lang='lat' dir='ltr'>tem-</span> 
     </span>
     <span class='ocr_line' id='line_1_7' title="bbox 266 1430 1458 1533; baseline 0 -29"><span class='ocrx_word' id='word_1_26' title='bbox 266 1435 441 1524; x_wconf 87' lang='lat' dir='ltr'>peratura</span> <span class='ocrx_word' id='word_1_27' title='bbox 462 1431 727 1505; x_wconf 60' lang='lat'><strong>25020—2540</strong></span> <span class='ocrx_word' id='word_1_28' title='bbox 751 1431 949 1521; x_wconf 88' lang='lat' dir='ltr'>ebulliens;</span> <span class='ocrx_word' id='word_1_29' title='bbox 978 1433 1017 1506; x_wconf 93' lang='lat' dir='ltr'>in</span> <span class='ocrx_word' id='word_1_30' title='bbox 1046 1431 1179 1525; x_wconf 86' lang='lat' dir='ltr'>spiritu</span> <span class='ocrx_word' id='word_1_31' title='bbox 1195 1430 1281 1522; x_wconf 91' lang='lat' dir='ltr'>vini,</span> <span class='ocrx_word' id='word_1_32' title='bbox 1307 1431 1458 1533; x_wconf 87' lang='lat' dir='ltr'>aethere</span> 
     </span>
     <span class='ocr_line' id='line_1_8' title="bbox 268 1557 1456 1652; baseline -0.003 -18"><span class='ocrx_word' id='word_1_33' title='bbox 268 1564 305 1634; x_wconf 85' lang='lat' dir='ltr'>et</span> <span class='ocrx_word' id='word_1_34' title='bbox 315 1557 422 1632; x_wconf 88' lang='lat' dir='ltr'>acido</span> <span class='ocrx_word' id='word_1_35' title='bbox 433 1559 572 1633; x_wconf 87' lang='lat' dir='ltr'>acetico</span> <span class='ocrx_word' id='word_1_36' title='bbox 584 1563 824 1633; x_wconf 89' lang='lat' dir='ltr'>concentrato</span> <span class='ocrx_word' id='word_1_37' title='bbox 835 1559 1108 1652; x_wconf 85' lang='lat' dir='ltr'>facile,inaqua</span> <span class='ocrx_word' id='word_1_38' title='bbox 1120 1557 1266 1632; x_wconf 84' lang='lat' dir='ltr'>difficile</span> <span class='ocrx_word' id='word_1_39' title='bbox 1276 1557 1456 1631; x_wconf 74' lang='lat' dir='ltr'>solubilis,</span> 
     </span>
    </p>

    <p class='ocr_par' dir='ltr' id='par_1_5' title="bbox 266 1684 1458 2524">
     <span class='ocr_line' id='line_1_9' title="bbox 376 1684 1458 1778; baseline -0.002 -18"><span class='ocrx_word' id='word_1_40' title='bbox 376 1684 553 1760; x_wconf 86' lang='lat' dir='ltr'>Gramma</span> <span class='ocrx_word' id='word_1_41' title='bbox 598 1685 780 1778; x_wconf 76' lang='lat' dir='ltr'>Eugenoli</span> <span class='ocrx_word' id='word_1_42' title='bbox 826 1707 911 1760; x_wconf 92' lang='lat' dir='ltr'>cum</span> <span class='ocrx_word' id='word_1_43' title='bbox 955 1684 1132 1778; x_wconf 76' lang='lat' dir='ltr'>grammis</span> <span class='ocrx_word' id='word_1_44' title='bbox 1170 1684 1221 1758; x_wconf 67' lang='lat'>26</span> <span class='ocrx_word' id='word_1_45' title='bbox 1261 1705 1382 1777; x_wconf 84' lang='lat' dir='ltr'>aquae</span> <span class='ocrx_word' id='word_1_46' title='bbox 1421 1690 1458 1759; x_wconf 90' lang='lat' dir='ltr'>et</span> 
     </span>
     <span class='ocr_line' id='line_1_10' title="bbox 267 1811 1458 1908; baseline -0.002 -21"><span class='ocrx_word' id='word_1_47' title='bbox 267 1812 492 1888; x_wconf 84' lang='lat' dir='ltr'>centimetn‘s</span> <span class='ocrx_word' id='word_1_48' title='bbox 516 1812 657 1887; x_wconf 81' lang='lat' dir='ltr'><strong>cubicis</strong></span> <span class='ocrx_word' id='word_1_49' title='bbox 676 1814 702 1887; x_wconf 75' lang='lat'>4</span> <span class='ocrx_word' id='word_1_50' title='bbox 722 1813 831 1888; x_wconf 86' lang='lat' dir='ltr'>natrii</span> <span class='ocrx_word' id='word_1_51' title='bbox 858 1812 1131 1908; x_wconf 83' lang='lat' dir='ltr'>hydrooxydati</span> <span class='ocrx_word' id='word_1_52' title='bbox 1160 1811 1273 1885; x_wconf 87' lang='lat' dir='ltr'>soluti</span> <span class='ocrx_word' id='word_1_53' title='bbox 1299 1812 1458 1886; x_wconf 85' lang='lat' dir='ltr'>mixtum</span> 
     </span>
     <span class='ocr_line' id='line_1_11' title="bbox 266 1938 1457 2035; baseline 0 -22"><span class='ocrx_word' id='word_1_54' title='bbox 266 1940 450 2033; x_wconf 84' lang='lat' dir='ltr'>liquorem</span> <span class='ocrx_word' id='word_1_55' title='bbox 478 1940 634 2033; x_wconf 87' lang='lat' dir='ltr'>praebet</span> <span class='ocrx_word' id='word_1_56' title='bbox 660 1940 867 2033; x_wconf 88' lang='lat' dir='ltr'>limpidum,</span> <span class='ocrx_word' id='word_1_57' title='bbox 895 1941 961 2035; x_wconf 88' lang='lat' dir='ltr'>qui</span> <span class='ocrx_word' id='word_1_58' title='bbox 989 1948 1076 2015; x_wconf 77' lang='lat' dir='ltr'>aere</span> <span class='ocrx_word' id='word_1_59' title='bbox 1104 1939 1286 2014; x_wconf 89' lang='lat' dir='ltr'>turbatur.</span> <span class='ocrx_word' id='word_1_60' title='bbox 1313 1938 1457 2013; x_wconf 86' lang='lat' dir='ltr'>Solutio</span> 
     </span>
     <span class='ocr_line' id='line_1_12' title="bbox 267 2067 1456 2169; baseline -0.001 -28"><span class='ocrx_word' id='word_1_61' title='bbox 267 2070 455 2160; x_wconf 76' lang='lat' dir='ltr'>guttarum</span> <span class='ocrx_word' id='word_1_62' title='bbox 471 2067 494 2141; x_wconf 81' lang='lat'>5</span> <span class='ocrx_word' id='word_1_63' title='bbox 510 2067 692 2160; x_wconf 76' lang='lat' dir='ltr'>liuganoli</span> <span class='ocrx_word' id='word_1_64' title='bbox 704 2068 744 2141; x_wconf 90' lang='lat' dir='ltr'>in</span> <span class='ocrx_word' id='word_1_65' title='bbox 758 2067 983 2169; x_wconf 83' lang='lat' dir='ltr'>centimetris</span> <span class='ocrx_word' id='word_1_66' title='bbox 995 2067 1137 2142; x_wconf 80' lang='lat' dir='ltr'>cubicis</span> <span class='ocrx_word' id='word_1_67' title='bbox 1154 2068 1177 2141; x_wconf 84' lang='lat'>5</span> <span class='ocrx_word' id='word_1_68' title='bbox 1199 2067 1351 2161; x_wconf 87' lang='lat' dir='ltr'>spiritus</span> <span class='ocrx_word' id='word_1_69' title='bbox 1369 2067 1456 2157; x_wconf 94' lang='lat' dir='ltr'>vini,</span> 
     </span>
     <span class='ocr_line' id='line_1_13' title="bbox 267 2194 1458 2290; baseline 0 -23"><span class='ocrx_word' id='word_1_70' title='bbox 267 2194 401 2268; x_wconf 86' lang='lat' dir='ltr'>additis</span> <span class='ocrx_word' id='word_1_71' title='bbox 430 2195 542 2286; x_wconf 80' lang='lat' dir='ltr'>guttis</span> <span class='ocrx_word' id='word_1_72' title='bbox 573 2195 595 2267; x_wconf 71' lang='lat' dir='ltr'>l</span> <span class='ocrx_word' id='word_1_73' title='bbox 625 2195 811 2269; x_wconf 77' lang='lat' dir='ltr'>miscellae</span> <span class='ocrx_word' id='word_1_74' title='bbox 841 2217 860 2269; x_wconf 88' lang='lat' dir='ltr'>e</span> <span class='ocrx_word' id='word_1_75' title='bbox 889 2200 993 2290; x_wconf 85' lang='lat' dir='ltr'>parte</span> <span class='ocrx_word' id='word_1_76' title='bbox 1017 2196 1033 2267; x_wconf 92' lang='lat'>1</span> <span class='ocrx_word' id='word_1_77' title='bbox 1061 2194 1148 2268; x_wconf 86' lang='lat' dir='ltr'>ferri</span> <span class='ocrx_word' id='word_1_78' title='bbox 1171 2194 1458 2288; x_wconf 82' lang='lat' dir='ltr'>sesquichlorati</span> 
     </span>
     <span class='ocr_line' id='line_1_14' title="bbox 266 2321 1455 2427; baseline 0 -32"><span class='ocrx_word' id='word_1_79' title='bbox 266 2321 378 2396; x_wconf 87' lang='lat' dir='ltr'>soluti</span> <span class='ocrx_word' id='word_1_80' title='bbox 411 2326 448 2395; x_wconf 87' lang='lat' dir='ltr'>et</span> <span class='ocrx_word' id='word_1_81' title='bbox 473 2322 684 2416; x_wconf 75' lang='lat' dir='ltr'>perchusa</span> <span class='ocrx_word' id='word_1_82' title='bbox 715 2344 836 2417; x_wconf 82' lang='lat' dir='ltr'>aquae</span> <span class='ocrx_word' id='word_1_83' title='bbox 854 2327 1008 2415; x_wconf 86' lang='lat' dir='ltr'>paratae</span> <span class='ocrx_word' id='word_1_84' title='bbox 1033 2323 1197 2397; x_wconf 92' lang='lat' dir='ltr'>colorem</span> <span class='ocrx_word' id='word_1_85' title='bbox 1229 2322 1455 2427; x_wconf 74' lang='lat' dir='ltr'>caemleum,</span> 
     </span>
     <span class='ocr_line' id='line_1_15' title="bbox 267 2448 1157 2524; baseline 0.002 -2"><span class='ocrx_word' id='word_1_86' title='bbox 267 2449 353 2523; x_wconf 88' lang='lat' dir='ltr'>dein</span> <span class='ocrx_word' id='word_1_87' title='bbox 370 2448 528 2523; x_wconf 89' lang='lat' dir='ltr'>viridem</span> <span class='ocrx_word' id='word_1_88' title='bbox 546 2449 585 2523; x_wconf 92' lang='lat' dir='ltr'>in</span> <span class='ocrx_word' id='word_1_89' title='bbox 603 2449 743 2524; x_wconf 90' lang='lat' dir='ltr'>flavum</span> <span class='ocrx_word' id='word_1_90' title='bbox 762 2454 1022 2524; x_wconf 78' lang='lat' dir='ltr'>transeuntem</span> <span class='ocrx_word' id='word_1_91' title='bbox 1041 2449 1157 2524; x_wconf 89' lang='lat' dir='ltr'>ducit.</span> 
     </span>
    </p>

    <p class='ocr_par' dir='ltr' id='par_1_6' title="bbox 265 2575 1458 3177">
     <span class='ocr_line' id='line_1_16' title="bbox 374 2575 1457 2670; baseline -0.002 -20"><span class='ocrx_word' id='word_1_92' title='bbox 374 2576 534 2651; x_wconf 81' lang='lat' dir='ltr'>Mixtura</span> <span class='ocrx_word' id='word_1_93' title='bbox 581 2598 601 2650; x_wconf 93' lang='lat' dir='ltr'>e</span> <span class='ocrx_word' id='word_1_94' title='bbox 647 2583 854 2669; x_wconf 78' lang='lat' dir='ltr'>grammate</span> <span class='ocrx_word' id='word_1_95' title='bbox 891 2576 1073 2670; x_wconf 80' lang='lat' dir='ltr'>Eugenoli</span> <span class='ocrx_word' id='word_1_96' title='bbox 1115 2581 1154 2651; x_wconf 83' lang='lat' dir='ltr'>ei</span> <span class='ocrx_word' id='word_1_97' title='bbox 1190 2576 1366 2669; x_wconf 79' lang='lat' dir='ltr'>grammis</span> <span class='ocrx_word' id='word_1_98' title='bbox 1405 2575 1457 2649; x_wconf 63' lang='lat'>20</span> 
     </span>
     <span class='ocr_line' id='line_1_17' title="bbox 268 2704 1457 2801; baseline 0.001 -25"><span class='ocrx_word' id='word_1_99' title='bbox 268 2724 390 2801; x_wconf 87' lang='lat' dir='ltr'>aquae</span> <span class='ocrx_word' id='word_1_100' title='bbox 414 2704 578 2779; x_wconf 86' lang='lat' dir='ltr'>fervidae</span> <span class='ocrx_word' id='word_1_101' title='bbox 601 2709 734 2798; x_wconf 87' lang='lat' dir='ltr'>parata</span> <span class='ocrx_word' id='word_1_102' title='bbox 753 2706 921 2779; x_wconf 87' lang='lat' dir='ltr'>chartam</span> <span class='ocrx_word' id='word_1_103' title='bbox 941 2705 1228 2800; x_wconf 82' lang='lat' dir='ltr'>exploratoriam</span> <span class='ocrx_word' id='word_1_104' title='bbox 1247 2705 1457 2779; x_wconf 84' lang='lat' dir='ltr'>caeruleam</span> 
     </span>
     <span class='ocr_line' id='line_1_18' title="bbox 265 2831 1458 2925; baseline 0.001 -21"><span class='ocrx_word' id='word_1_105' title='bbox 265 2831 326 2904; x_wconf 85' lang='lat' dir='ltr'>vix</span> <span class='ocrx_word' id='word_1_106' title='bbox 358 2831 564 2906; x_wconf 83' lang='lat' dir='ltr'>rubefaciat</span> <span class='ocrx_word' id='word_1_107' title='bbox 594 2835 632 2905; x_wconf 84' lang='lat' dir='ltr'>et</span> <span class='ocrx_word' id='word_1_108' title='bbox 663 2832 879 2925; x_wconf 79' lang='lat' dir='ltr'>refrigerata</span> <span class='ocrx_word' id='word_1_109' title='bbox 906 2834 1054 2925; x_wconf 88' lang='lat' dir='ltr'>filtrata,</span> <span class='ocrx_word' id='word_1_110' title='bbox 1084 2833 1211 2907; x_wconf 89' lang='lat' dir='ltr'>addita</span> <span class='ocrx_word' id='word_1_111' title='bbox 1239 2837 1343 2925; x_wconf 77' lang='lat' dir='ltr'>gutta</span> <span class='ocrx_word' id='word_1_112' title='bbox 1370 2832 1458 2905; x_wconf 84' lang='lat' dir='ltr'>ferri</span> 
     </span>
     <span class='ocr_line' id='line_1_19' title="bbox 266 2958 1454 3052; baseline 0.001 -20"><span class='ocrx_word' id='word_1_113' title='bbox 266 2959 553 3052; x_wconf 88' lang='lat' dir='ltr'>sesquichlorati</span> <span class='ocrx_word' id='word_1_114' title='bbox 573 2960 686 3033; x_wconf 86' lang='lat' dir='ltr'>soluti</span> <span class='ocrx_word' id='word_1_115' title='bbox 714 2960 763 3034; x_wconf 88' lang='lat' dir='ltr'>ad</span> <span class='ocrx_word' id='word_1_116' title='bbox 790 2982 982 3035; x_wconf 90' lang='lat' dir='ltr'>summum</span> <span class='ocrx_word' id='word_1_117' title='bbox 1017 2961 1181 3034; x_wconf 92' lang='lat' dir='ltr'>colorem</span> <span class='ocrx_word' id='word_1_118' title='bbox 1214 2958 1454 3047; x_wconf 88' lang='lat' dir='ltr'>subviridem,</span> 
     </span>
     <span class='ocr_line' id='line_1_20' title="bbox 265 3088 1233 3177; baseline 0.002 -17"><span class='ocrx_word' id='word_1_119' title='bbox 265 3107 354 3161; x_wconf 84' lang='lat' dir='ltr'>mox</span> <span class='ocrx_word' id='word_1_120' title='bbox 374 3092 671 3177; x_wconf 86' lang='lat' dir='ltr'>evanescentem,</span> <span class='ocrx_word' id='word_1_121' title='bbox 690 3108 846 3161; x_wconf 89' lang='lat' dir='ltr'>nevero</span> <span class='ocrx_word' id='word_1_122' title='bbox 866 3089 1081 3162; x_wconf 86' lang='lat' dir='ltr'>caeruleum</span> <span class='ocrx_word' id='word_1_123' title='bbox 1098 3088 1233 3162; x_wconf 87' lang='lat' dir='ltr'>trahat.</span> 
     </span>
    </p>
   </div>
   <div class='ocr_carea' id='block_1_4' title="bbox 726 3408 1000 3548">
    <p class='ocr_par' dir='ltr' id='par_1_7' title="bbox 726 3408 1000 3548">
     <span class='ocr_line' id='line_1_21' title="bbox 726 3408 1000 3548; baseline 0.011 -8"><span class='ocrx_word' id='word_1_124' title='bbox 726 3408 1000 3548; x_wconf 85' lang='lat' dir='ltr'>llrtracta</span> 
     </span>
    </p>
   </div>
   <div class='ocr_carea' id='block_1_5' title="bbox 259 3630 1454 4741">
    <p class='ocr_par' dir='ltr' id='par_1_8' title="bbox 261 3630 1454 4106">
     <span class='ocr_line' id='line_1_22' title="bbox 370 3630 1453 3725; baseline -0.002 -21"><span class='ocrx_word' id='word_1_125' title='bbox 370 3630 597 3725; x_wconf 85' lang='lat' dir='ltr'>Praeparatu</span> <span class='ocrx_word' id='word_1_126' title='bbox 625 3630 779 3705; x_wconf 87' lang='lat' dir='ltr'>obtenta</span> <span class='ocrx_word' id='word_1_127' title='bbox 805 3631 1035 3704; x_wconf 83' lang='lat' dir='ltr'>extrahendo</span> <span class='ocrx_word' id='word_1_128' title='bbox 1063 3630 1312 3704; x_wconf 91' lang='lat' dir='ltr'>medicamina</span> <span class='ocrx_word' id='word_1_129' title='bbox 1329 3631 1453 3702; x_wconf 90' lang='lat' dir='ltr'>variae</span> 
     </span>
     <span class='ocr_line' id='line_1_23' title="bbox 263 3756 1454 3850; baseline -0.002 -19"><span class='ocrx_word' id='word_1_130' title='bbox 263 3762 433 3847; x_wconf 86' lang='lat' dir='ltr'>naturae,</span> <span class='ocrx_word' id='word_1_131' title='bbox 460 3756 529 3831; x_wconf 88' lang='lat' dir='ltr'>sed</span> <span class='ocrx_word' id='word_1_132' title='bbox 548 3762 768 3850; x_wconf 86' lang='lat' dir='ltr'>praesertim</span> <span class='ocrx_word' id='word_1_133' title='bbox 786 3757 1007 3849; x_wconf 78' lang='lat' dir='ltr'>vegetabilia</span> <span class='ocrx_word' id='word_1_134' title='bbox 1025 3762 1091 3830; x_wconf 91' lang='lat' dir='ltr'>aut</span> <span class='ocrx_word' id='word_1_135' title='bbox 1109 3778 1218 3849; x_wconf 89' lang='lat' dir='ltr'>aqua,</span> <span class='ocrx_word' id='word_1_136' title='bbox 1240 3759 1305 3830; x_wconf 89' lang='lat' dir='ltr'>aut</span> <span class='ocrx_word' id='word_1_137' title='bbox 1323 3756 1454 3850; x_wconf 89' lang='lat' dir='ltr'>spiritu</span> 
     </span>
     <span class='ocr_line' id='line_1_24' title="bbox 261 3884 1451 3975; baseline 0 -18"><span class='ocrx_word' id='word_1_138' title='bbox 261 3886 347 3975; x_wconf 91' lang='lat' dir='ltr'>vini,</span> <span class='ocrx_word' id='word_1_139' title='bbox 389 3890 456 3958; x_wconf 87' lang='lat' dir='ltr'>aut</span> <span class='ocrx_word' id='word_1_140' title='bbox 496 3885 646 3959; x_wconf 84' lang='lat' dir='ltr'>aethere</span> <span class='ocrx_word' id='word_1_141' title='bbox 689 3906 735 3959; x_wconf 92' lang='lat' dir='ltr'>eo</span> <span class='ocrx_word' id='word_1_142' title='bbox 777 3886 903 3975; x_wconf 88' lang='lat' dir='ltr'>modo,</span> <span class='ocrx_word' id='word_1_143' title='bbox 951 3890 994 3959; x_wconf 91' lang='lat' dir='ltr'>ut</span> <span class='ocrx_word' id='word_1_144' title='bbox 1030 3884 1262 3959; x_wconf 83' lang='lat' dir='ltr'>substantias</span> <span class='ocrx_word' id='word_1_145' title='bbox 1300 3885 1451 3972; x_wconf 75' lang='lat' dir='ltr'>activae,</span> 
     </span>
     <span class='ocr_line' id='line_1_25' title="bbox 263 4013 1125 4106; baseline -0.002 -20"><span class='ocrx_word' id='word_1_146' title='bbox 263 4018 446 4104; x_wconf 86' lang='lat' dir='ltr'>quantum</span> <span class='ocrx_word' id='word_1_147' title='bbox 464 4013 545 4086; x_wconf 88' lang='lat' dir='ltr'>fieri</span> <span class='ocrx_word' id='word_1_148' title='bbox 562 4016 688 4106; x_wconf 87' lang='lat' dir='ltr'>potest</span> <span class='ocrx_word' id='word_1_149' title='bbox 705 4013 870 4104; x_wconf 84' lang='lat' dir='ltr'>integras</span> <span class='ocrx_word' id='word_1_150' title='bbox 890 4016 1125 4086; x_wconf 85' lang='lat' dir='ltr'>conservent</span> 
     </span>
    </p>

    <p class='ocr_par' dir='ltr' id='par_1_9' title="bbox 261 4134 1452 4487">
     <span class='ocr_line' id='line_1_26' title="bbox 369 4134 1452 4238; baseline -0.004 -26"><span class='ocrx_word' id='word_1_151' title='bbox 369 4134 623 4238; x_wconf 72' lang='lat' dir='ltr'>Medicaminai</span> <span class='ocrx_word' id='word_1_152' title='bbox 637 4140 802 4213; x_wconf 87' lang='lat' dir='ltr'>adhibita</span> <span class='ocrx_word' id='word_1_153' title='bbox 820 4140 868 4213; x_wconf 88' lang='lat' dir='ltr'>ad</span> <span class='ocrx_word' id='word_1_154' title='bbox 887 4141 1058 4234; x_wconf 85' lang='lat' dir='ltr'>paranda</span> <span class='ocrx_word' id='word_1_155' title='bbox 1077 4140 1251 4213; x_wconf 84' lang='lat' dir='ltr'>Extracta</span> <span class='ocrx_word' id='word_1_156' title='bbox 1264 4137 1452 4231; x_wconf 86' lang='lat' dir='ltr'>qualitatis</span> 
     </span>
     <span class='ocr_line' id='line_1_27' title="bbox 262 4264 1451 4361; baseline -0.002 -23"><span class='ocrx_word' id='word_1_157' title='bbox 262 4267 424 4359; x_wconf 89' lang='lat' dir='ltr'>optimae</span> <span class='ocrx_word' id='word_1_158' title='bbox 453 4273 491 4342; x_wconf 90' lang='lat' dir='ltr'>et</span> <span class='ocrx_word' id='word_1_159' title='bbox 513 4289 583 4361; x_wconf 89' lang='lat' dir='ltr'>pro</span> <span class='ocrx_word' id='word_1_160' title='bbox 603 4288 733 4341; x_wconf 87' lang='lat' dir='ltr'>eorum</span> <span class='ocrx_word' id='word_1_161' title='bbox 752 4266 883 4340; x_wconf 90' lang='lat' dir='ltr'>habitu</span> <span class='ocrx_word' id='word_1_162' title='bbox 902 4271 1114 4355; x_wconf 79' lang='lat' dir='ltr'>attextum,</span> <span class='ocrx_word' id='word_1_163' title='bbox 1134 4270 1177 4340; x_wconf 87' lang='lat' dir='ltr'>ut</span> <span class='ocrx_word' id='word_1_164' title='bbox 1196 4285 1347 4359; x_wconf 84' lang='lat' dir='ltr'>quoque</span> <span class='ocrx_word' id='word_1_165' title='bbox 1366 4264 1451 4337; x_wconf 89' lang='lat' dir='ltr'>loco</span> 
     </span>
     <span class='ocr_line' id='line_1_28' title="bbox 261 4392 1317 4487; baseline -0.004 -19"><span class='ocrx_word' id='word_1_166' title='bbox 261 4394 532 4487; x_wconf 82' lang='lat' dir='ltr'>praescriptum</span> <span class='ocrx_word' id='word_1_167' title='bbox 552 4399 610 4467; x_wconf 88' lang='lat' dir='ltr'>est</span> <span class='ocrx_word' id='word_1_168' title='bbox 629 4396 777 4484; x_wconf 85' lang='lat' dir='ltr'>siccata,</span> <span class='ocrx_word' id='word_1_169' title='bbox 800 4394 953 4467; x_wconf 87' lang='lat' dir='ltr'>concisa</span> <span class='ocrx_word' id='word_1_170' title='bbox 971 4398 1037 4468; x_wconf 90' lang='lat' dir='ltr'>aut</span> <span class='ocrx_word' id='word_1_171' title='bbox 1055 4398 1215 4467; x_wconf 88' lang='lat' dir='ltr'>contusa</span> <span class='ocrx_word' id='word_1_172' title='bbox 1233 4392 1317 4465; x_wconf 88' lang='lat' dir='ltr'>sint.</span> 
     </span>
    </p>

    <p class='ocr_par' dir='ltr' id='par_1_10' title="bbox 259 4516 1451 4741">
     <span class='ocr_line' id='line_1_29' title="bbox 370 4516 1451 4614; baseline -0.006 -19"><span class='ocrx_word' id='word_1_173' title='bbox 370 4521 567 4610; x_wconf 85' lang='lat' dir='ltr'>Quantitas</span> <span class='ocrx_word' id='word_1_174' title='bbox 582 4522 765 4595; x_wconf 81' lang='lat' dir='ltr'>menstrui</span> <span class='ocrx_word' id='word_1_175' title='bbox 780 4542 943 4595; x_wconf 92' lang='lat' dir='ltr'>necnon</span> <span class='ocrx_word' id='word_1_176' title='bbox 958 4521 1121 4614; x_wconf 87' lang='lat' dir='ltr'>spatium</span> <span class='ocrx_word' id='word_1_177' title='bbox 1135 4519 1312 4613; x_wconf 87' lang='lat' dir='ltr'>temporis</span> <span class='ocrx_word' id='word_1_178' title='bbox 1327 4516 1375 4589; x_wconf 90' lang='lat' dir='ltr'>ad</span> <span class='ocrx_word' id='word_1_179' title='bbox 1391 4537 1451 4589; x_wconf 88' lang='lat' dir='ltr'>ex·</span> 
     </span>
     <span class='ocr_line' id='line_1_30' title="bbox 259 4646 1449 4741; baseline -0.007 -19"><span class='ocrx_word' id='word_1_180' title='bbox 259 4649 480 4723; x_wconf 86' lang='lat' dir='ltr'>tractionem</span> <span class='ocrx_word' id='word_1_181' title='bbox 495 4648 784 4738; x_wconf 88' lang='lat' dir='ltr'>accuratissime,</span> <span class='ocrx_word' id='word_1_182' title='bbox 795 4651 839 4722; x_wconf 88' lang='lat' dir='ltr'>ut</span> <span class='ocrx_word' id='word_1_183' title='bbox 852 4648 1122 4741; x_wconf 89' lang='lat' dir='ltr'>praescriptum</span> <span class='ocrx_word' id='word_1_184' title='bbox 1138 4650 1206 4736; x_wconf 89' lang='lat' dir='ltr'>est,</span> <span class='ocrx_word' id='word_1_185' title='bbox 1219 4646 1449 4719; x_wconf 88' lang='lat' dir='ltr'>observetur.</span> 
     </span>
    </p>
   </div>
   <div class='ocr_carea' id='block_1_6' title="bbox 0 0 1868 5400">
    <p class='ocr_par' dir='ltr' id='par_1_11' title="bbox 0 0 1868 5400">
     <span class='ocr_line' id='line_1_31' title="bbox 0 0 1868 5400; baseline 0 2"><span class='ocrx_word' id='word_1_186' title='bbox 0 0 1868 5400; x_wconf 95' lang='lat' dir='ltr'> </span> 
     </span>
    </p>
   </div>
  </div>
 </body>
</html>
