3725 5400
718 543 959 616 —395—

495 753 832 927 Unguentum
868 754 1189 891 Subunlillae.

241 972 321 1066 Rp:
349 975 492 1048 Samnis
511 977 701 1050 suintillae
718 988 774 1060 (vl)
1179 983 1303 1073 partes
1386 978 1437 1052 UO

349 1102 501 1175 Uaselini
1178 1109 1303 1200 partes
1387 1106 1436 1179 79

351 1229 423 1302 ulei
440 1230 522 1303 Uitri
1162 1236 1305 1327 partem
1404 1233 1438 1305 1.

318 1354 433 1429 Misce
452 1357 687 1432 exactissime
706 1357 745 1431 in
763 1364 1012 1452 unguentum.

532 1625 868 1795 Unguentum
905 1627 1148 1798 simplex.
1249 1724 1252 1728 ,

243 1846 322 1940 Rp:
352 1848 453 1920 Uersa
472 1849 570 1920 albae
1178 1855 1304 1945 partes
1390 1849 1441 1924 UO

351 1976 527 2064 Axungiue
545 1976 641 2048 Parni
1182 1980 1306 2073 partes
1376 1976 1440 2049 80.

320 2100 607 2193 colliquefactae
649 2107 687 2176 et
727 2104 870 2177 colatae
908 2103 981 2177 sub
1024 2104 1204 2177 continua
1237 2103 1438 2196 agitatione

244 2227 488 2319 retnigescant
505 2228 545 2301 in
562 2233 810 2324 unguentum.

488 2482 825 2655 Unguentum
861 2482 1195 2619 sulimatum
1357 2616 1359 2620 ,

244 2704 322 2799 Rp:
351 2708 491 2799 Saponis
509 2707 621 2779 kulini
1160 2706 1308 2801 'partes
1392 2706 1442 2780 32

352 2836 528 2924 nxmgnue
546 2834 642 2906 Parui

354 2961 432 3034 sen
450 2962 552 3035 uuus
1117 2940 1170 3033 ῖῖᾱ
1182 2965 1307 3056 partes
1379 2960 1441 3034 16.

319 3087 413 3161 Leni
436 3087 558 3179 calore
589 3084 739 3182 liquatis
774 3092 812 3161 et
839 3087 970 3162 colatis
1004 3088 1148 3160 sensim
1177 3088 1354 3177 admisce,
1374 3108 1441 3181 per

323 3215 486 3289 ambrum
504 3213 709 3289 traiciendo
727 3214 935 3289 misceUam
954 3236 975 3289 e
1326 3262 1329 3269 ·

354 3344 501 3417 sulfuris
520 3345 677 3436 deputati
1138 3338 1307 3436 partibus
1394 3343 1441 3415 16

353 3472 456 3545 Uslaii
473 3471 644 3544 sarbonici
1140 3466 1307 3564 partitam
1402 3469 1439 3542 4.

323 3596 401 3670 Sub
419 3598 535 3671 finem
554 3597 651 3670 adde

354 3727 441 3798 Pisis
459 3727 608 3815 liquidae
1182 3728 1306 3817 partes
1379 3722 1440 3795 16.

323 3850 404 3925 Fiat
421 3856 669 3943 unguentum.

457 4103 789 4269 Unguentum
820 4098 966 4234 Zinni
997 4100 1234 4271 nnytuti.

246 4325 326 4420 Rp:
354 4326 530 4414 inungiae
549 4324 644 4396 Ponat
681 4325 690 4339 ⁴
1185 4326 1309 4417 partes
1392 4322 1442 4394 63

354 4454 497 4526 Meinas
516 4453 643 4523 Bennne
1184 4452 1309 4544 partes
1406 4448 1442 4521 3.

321 4579 454 4672 Digene
487 4577 602 4671 pert
637 4577 751 4651 horas
779 4577 818 4649 in
846 4576 982 4649 balneo
1011 4597 1143 4668 aquae,
1172 4576 1256 4648 colu
1285 4580 1322 4649 et
1346 4574 1442 4649 adde

324 4704 503 4800 liquando
