3725 5400
930 504 1166 576 ...240-

450 725 602 813 ssavum,
618 722 779 795 maxime
794 721 981 810 mobilem,
996 725 1098 794 tactu
1117 722 1280 810 mollem,
1298 721 1420 814 digitis
1440 721 1646 794 adhaeren-

449 855 536 939 tem,
573 851 746 923 flammae
785 848 1000 939 inspersum
1039 849 1228 921 celerrime
1269 848 1435 941 strepitu,
1479 848 1645 920 fulminis

449 978 576 1067 instar,
606 975 686 1050 sine
715 976 820 1050 fumo
856 974 1135 1066 deflagrantem
1170 975 1298 1048 odoris
1329 973 1550 1067 saporisque
1584 995 1644 1046 ex·

449 1110 624 1199 perlem„

560 1230 640 1325 Ope
687 1230 923 1323 microscopii
965 1230 1199 1321 exploratum
1246 1234 1395 1302 constal
1440 1250 1460 1302 e
1503 1229 1645 1302 cellulis

449 1359 719 1449 minutissimis
752 1358 1008 1449 magnitudine
1044 1357 1202 1429 att-32
1232 1356 1645 1430 micromillimetromm

448 1485 873 1580 tetrasemo-sphaericis
912 1484 1127 1578 pyramides
1166 1484 1429 1557 exhibentibus
1462 1484 1643 1575 trigenas

449 1615 531 1688 basi
558 1614 667 1687 valde
697 1634 864 1686 convexa
896 1612 1283 1703 reticulato-costatus
1324 1633 1484 1704 quarum
1518 1611 1643 1703 anguli

447 1743 619 1817 laterales
640 1741 743 1834 apice
762 1740 801 1813 in
819 1744 897 1813 tres
917 1744 1069 1812 suturas
1089 1745 1302 1814 excurrunt.

557 1869 653 1943 Cum
699 1889 800 1959 aqua
845 1872 910 1940 aut
958 1865 1222 1940 chlorolormio
1258 1872 1556 1959 conquassatum
1574 1868 1643 1960 Ly·

447 1997 649 2091 copodium
668 1994 877 2089 superficiei
895 1995 1051 2081 innatat,
1072 2016 1195 2087 neque
1216 1994 1422 2087 quidquam
1440 1995 1479 2068 in
1498 1994 1643 2087 liquore

446 2127 530 2218 ipso
550 2123 742 2215 relinquit;
763 2122 801 2195 in
822 2142 921 2214 aqua
941 2126 1088 2194 coctum
1109 2121 1299 2212 demergit

555 2251 686 2323 Partes
720 2250 801 2323 eius
835 2251 909 2321 100
939 2249 1159 2322 combustae
1188 2249 1314 2322 miuus
1335 2270 1449 2341 quam
1468 2256 1594 2341 partes
1617 2251 1639 2321 3

448 2378 583 2451 cineris
603 2378 825 2469 relinquant

557 2505 611 2577 Sit
630 2526 652 2577 a
671 2503 881 2596 quisquiliis
911 2510 948 2576 et
976 2524 1093 2575 arena
1120 2503 1278 2576 libemm
1306 2524 1376 2575 nec
1403 2502 1640 2596 inquinatum

447 2633 584 2728 polline
604 2632 778 2725 pinorum
799 2630 1002 2706 saturatius
1016 2630 1127 2719 llam,
1153 2631 1225 2704 sub
1246 2630 1367 2722 digitis
1382 2631 1467 2705 trito
1482 2631 1640 2705 terebin-

446 2762 591 2835 thinam
610 2761 801 2833 redolente
812 2764 877 2831 aut
886 2759 1024 2852 polline
1040 2758 1162 2849 Ceryli
1173 2758 1404 2850 aliarumque
1414 2761 1638 2852 plantarum,

446 2890 518 2962 sub
528 2887 776 2979 microscopio
787 2887 909 2959 forma
924 2886 1141 2958 cellulanrm
1153 2885 1358 2974 differente,
1369 2908 1492 2978 neque
1503 2889 1638 2980 amylo,

444 3017 565 3090 iorma
585 3035 788 3107 granorum
807 3019 844 3086 et
862 3013 1050 3086 reactione
1070 3007 1146 3085 iodi
1160 3013 1267 3085 facile
1286 3013 1545 3087 discernendo.

680 3302 1018 3474 Magnesium
1050 3301 1405 3440 carbunicam.

551 3524 679 3598 Massa
694 3525 954 3618 pulverulenta
972 3524 1163 3596 levissima
1183 3525 1269 3597 alba
1291 3525 1369 3597 sive
1389 3526 1511 3617 pulvis
1531 3526 1639 3600 albus

443 3652 669 3745 levissimus
688 3652 727 3724 in
748 3673 847 3743 aqua
865 3651 943 3723 iere
973 3651 1195 3741 insolubilis
1225 3653 1425 3725 reactionis
1445 3653 1638 3740 alcalinae;

444 3780 483 3852 in
517 3779 625 3852 acido
664 3778 843 3850 sulfurico
883 3777 999 3850 diluto
1038 3780 1109 3851 sub
1149 3779 1432 3852 effervescentia
1469 3780 1638 3868 solvitm·;

444 3905 580 3979 solutio
610 3905 745 3978 coloris
779 3927 912 3997 expers
949 3905 1075 3977 addita
1094 3906 1261 3978 miscella
1279 3926 1324 3978 ex
1344 3907 1544 3994 ammonia,
1563 3928 1639 3979 am·

444 4034 570 4106 monio
600 4033 767 4105 chlorato
802 4037 839 4104 et
866 4032 987 4105 natrio
1016 4031 1272 4127 phosphorico
1302 4033 1522 4125 composita,
1544 4033 1640 4106 sedi·

443 4165 612 4233 mentum
633 4159 760 4232 album
780 4159 1036 4251 crystallinum
1058 4159 1224 4233 demittit.

552 4287 850 4378 Decigrummata
870 4286 893 4358 5
914 4286 1095 4377 Magnesii
1116 4287 1316 4372 carbonici,
1345 4308 1432 4360 cum
1461 4287 1638 4378 grammis

446 4414 638 4506 absquae
659 4414 707 4486 ad
728 4413 982 4487 ebullitionem
1002 4415 1182 4487 calefacta
1211 4414 1389 4487 filtratum
1422 4413 1636 4508 praebeant,

446 4540 547 4634 quod
573 4547 818 4635 evaporatum
846 4542 1092 4634 perexiguum
1121 4541 1275 4615 nonnisi
1303 4541 1499 4615 residuum
1526 4541 1636 4614 relin-

446 4673 536 4762 quat
568 4669 617 4743 ad
636 4669 841 4743 maximum
860 4669 1039 4763 ponderis
1059 4668 1376 4760 milligrammatis
