3725 5400
755 476 950 551 ..χΙ-

255 723 409 780 novum
436 722 518 780 non
550 704 647 778 sunt
677 704 853 802 recepta,
893 701 968 779 sed
993 724 1135 779 eorum
1166 700 1458 779 commercium

258 889 308 945 ac
348 865 493 943 modus
521 841 795 966 'dispensandi
836 862 1011 943 decretis
1052 862 1293 968 specialibus
1336 865 1378 947 C.
1410 866 1457 945 R.

256 1024 468 1107 Ministerii
488 1031 759 1107 reservantur.

368 1209 502 1302 Quum
533 1216 775 1313 praeparata
813 1208 1011 1303 chemise,
1055 1235 1159 1313 quae
1199 1211 1291 1289 usui
1323 1210 1457 1290 thera-

257 1373 418 1479 peutico
451 1372 684 1497 inserviunt,
728 1374 903 1477 optimae
943 1340 1088 1453 indolis
1129 1374 1169 1452 in
1189 1375 1455 1454 commercio

258 1536 486 1630 obveniunt,
508 1536 603 1641 hino
632 1536 804 1642 plurima
836 1561 979 1617 eorum
1010 1537 1168 1617 facilius
1202 1538 1292 1630 emi,
1334 1562 1457 1641 quam

258 1706 301 1780 et
319 1687 490 1817 {quidem
521 1701 681 1787 nonnisi
723 1700 943 1780 maioribus
981 1701 1176 1803 impensis
1215 1706 1257 1780 et
1288 1702 1456 1782 minoris

258 1862 462 1967 qualitatis
482 1865 525 1942 in
548 1863 717 1947 officinis
754 1864 1096 1967 pharmaceuticis
1115 1864 1250 1966 parari
1272 1871 1456 1966 possunt,

255 2028 454 2107 formulae
478 2029 530 2106 ad
550 2029 732 2131 paranda
754 2034 998 2132 praeparata
1025 2027 1208 2108 chemica
1241 2028 1456 2108 officinalia

257 2191 416 2271 nonnisi
447 2214 674 2295 perpaucae
717 2191 758 2271 in
800 2192 939 2271 codice
979 2216 1081 2273 novo
1118 2192 1454 2295 praescribendae

258 2360 385 2434 erant.

365 2517 674 2611 Medicamenta,
713 2518 754 2597 in
794 2519 965 2598 elencho
999 2525 1195 2622 sequente
1236 2519 1454 2612 nominata,

257 2707 312 2761 ex
343 2681 517 2762 editione
543 2681 634 2764 VII.
666 2708 747 2763 non
779 2688 875 2761 sunt
904 2688 1071 2787 recepta
1105 2683 1146 2762 in
1181 2688 1343 2764 textum
1375 2682 1491 2769 edi.

255 2837 377 2926 tionis
396 2846 525 2926 Vni:
658 2917 664 2934 .

363 3022 524 3097 Aridum
561 3024 806 3112 chromicum,
854 3023 1017 3098 Acidum
1063 3025 1238 3098 nitrieum
1285 3023 1454 3110 dilutum,

253 3168 421 3243 Alumen
448 3175 588 3257 ustum,
618 3169 794 3262 Ampium
823 3169 1027 3260 Marantae,
1057 3170 1278 3244 Antidotum
1300 3169 1455 3243 Arsenic

256 3313 340 3404 albi,
359 3312 471 3407 Aqua
479 3313 718 3406 Amygdalar.
733 3336 851 3388 amar.
868 3336 985 3405 conc,
1005 3314 1118 3409 Aqua
1127 3315 1323 3407 Amygdal.
1340 3336 1455 3387 amar.

256 3459 382 3550 diluta,
411 3459 523 3554 Aqua
542 3459 779 3533 Cinnamomi
802 3461 974 3555 simplex,
1003 3459 1115 3554 Aqua
1133 3460 1318 3545 Melissae,
1345 3463 1457 3553 Aqua

254 3603 355 3679 Rubi
373 3604 483 3713 Idaei,
512 3603 624 3698 Aqua
643 3606 802 3696 Salviae,
830 3605 1007 3698 Axungia
1024 3606 1134 3680 Porci
1152 3606 1345 3692 benzoata,
1375 3604 1455 3678 Cal·

254 3750 355 3823 cium
374 3751 617 3828 carbonicum
635 3751 814 3841 nativum,
846 3750 1015 3824 Caleium
1035 3751 1278 3823 carbonicum
1307 3771 1455 3844 purum,

250 3894 543 3970 conexu-uetus
555 3894 654 3986 citri,
671 3895 805 3971 Cortex
816 3896 959 3985 Salicis,
971 3896 1175 3969 Decoctum
1187 3895 1455 3989 Sarsaparillae

247 4062 377 4146 comp.
413 4040 559 4144 fortius
598 4041 803 4116 Decoclum
836 4041 987 4135 Sarsap.
1023 4062 1144 4134 comp.
1178 4040 1315 4130 mitius,
1352 4040 1454 4113 Elec-

253 4185 417 4259 tuarium
432 4186 692 4274 aromaticum,
709 4187 926 4261 Extremum
937 4185 1094 4274 Aconiti
1114 4186 1330 4258 Extractum
1340 4186 1455 4273 Comi,

252 4329 409 4403 Ferrum
428 4331 596 4404 citrieum
617 4332 898 4422 ammonianum,
923 4331 963 4405 F.
984 4336 1021 4404 el
1047 4331 1216 4406 Natrium
1244 4331 1453 4424 pyrophos-

249 4473 405 4568 phorio,
420 4474 458 4584 Ε.
474 4477 705 4566 sulfuricum,
724 4477 827 4550 Folia
842 4476 955 4582 Coca,
972 4477 1010 4550 F.
1026 4476 1199 4550 Menthae
1217 4475 1370 4569 crispae,
1386 4474 1455 4548 Ge-

252 4619 369 4695 latina
386 4621 599 4715 Liquiritiae
619 4623 815 4716 pellucida,
845 4597 972 4696 Herba
992 4622 1121 4716 Capilli
1143 4620 1311 4728 Veneris,
1330 4620 1456 4694 Herba
