3725 5400
915 501 1154 575 -1a8-

543 718 689 811 Quodsi
707 720 945 794 humectetur
967 719 1166 814 paululum
1190 717 1458 791 alealoidorum
1481 717 1521 790 in
1539 717 1630 812 pali-

434 848 525 922 nula
537 846 775 942 porcellanea
785 869 872 922 eum
883 846 996 940 guttis
1005 847 1198 921 nonnullis
1209 846 1305 920 acidi
1318 845 1438 920 nitn’oi
1451 846 1631 922 fumantis

435 981 473 1050 et
502 976 543 1048 in
570 975 707 1049 balneo
736 997 857 1069 aquae
882 981 1116 1069 evaporetur‚
1146 973 1341 1048 residuum
1358 974 1629 1067 refrigeratum,

434 1103 562 1177 addita
597 1106 700 1195 gutta
737 1103 936 1177 solutionis
974 1103 1061 1176 kalii
1097 1101 1371 1197 hydrooxydati
1407 1102 1632 1194 spin'tuosae

434 1232 561 1305 statim
580 1231 744 1304 colorem
762 1231 981 1321 violaceum,
1000 1252 1090 1303 mox
1107 1230 1264 1304 rubrum
1284 1230 1449 1321 aecipiab

688 1443 1001 1579 1111111111
1037 1444 1369 1617 liquiritiae.

436 1646 516 1740 Rp:
545 1651 679 1723 Radlels
697 1653 896 1742 biennium
913 1663 960 1733 (ll)
1368 1654 1494 1744 partes
1580 1650 1629 1723 10

466 1832 469 1839 .
542 1780 655 1868 Aquae
1042 1766 1047 1779 “
1372 1781 1496 1871 portes
1567 1776 1629 1848 30.

544 1903 694 1977 Macera
710 1925 779 1997 per
796 1904 913 1981 horas
956 1903 1017 1993 lu,
1051 1908 1132 1977 tum
1164 1902 1338 1997 exprime.
1362 1902 1631 1976 Remanenliae

435 2031 591 2106 affunde
900 2014 908 2061 ‘

544 2164 657 2251 Aquae
678 2162 873 2233 ebullientis
1372 2163 1498 2254 partes
1567 2157 1631 2231 ab.

545 2285 693 2380 Sepone
712 2307 780 2379 per
799 2285 943 2374 11011111,
957 2291 1040 2360 tum
1054 2286 1227 2379 exprime.
1246 2284 1429 2378 Liquores
1445 2283 1633 2373 collectos

437 2413 637 2487 calefactos
661 2434 729 2506 per
751 2413 900 2506 longius
919 2418 1069 2507 tempus
1095 2412 1144 2486 ad
1167 2412 1420 2486 ebullitionem
1439 2417 1477 2486 et
1500 2411 1634 2504 despu-

437 2539 577 2614 mando
597 2540 816 2625 olasefaebos
836 2540 935 2613 filtra
954 2545 991 2613 et
1007 2539 1193 2634 liquorem
1210 2539 1390 2613 filtratum
1405 2558 1569 2632 evapora
1587 2538 1635 2612 ad

437 2667 557 2741 mellis
578 2667 871 2742 consistentiam.
897 2667 1045 2762 Sepone
1068 2667 1107 2741 in
1126 2667 1209 2741 loeo
1229 2666 1361 2760 frigido
1381 2687 1448 2760 per
1465 2665 1632 2757 biduum,

437 2796 541 2868 solve
568 2795 608 2869 in
635 2795 804 2887 partibus
835 2795 858 2869 b
889 2816 1021 2889 aquae,
1049 2789 1149 2869 111111
1177 2801 1214 2869 et
1241 2814 1405 2888 evapora
1429 2795 1470 2867 in
1495 2795 1631 2868 balneo

438 2943 559 3015 aquae
579 2923 628 2996 ad
648 2921 931 2996 consistentiam
951 2922 1105 2995 extracti
1122 2921 1246 3015 spissi

547 3050 763 3124 Extremum
782 3047 997 3141 Liquin‘liae
1025 3048 1074 3121 sit
1098 3047 1232 3122 eoloris
1251 3047 1354 3139 susci
1385 3048 1533 3142 saporis
1551 3068 1639 3142 per·.

439 3176 558 3251 duleis
577 3175 833 3263 adhaerentis3
854 3175 1022 3249 solvatur
1038 3174 1191 3269 limpide
1210 3175 1249 3249 in
1268 3196 1376 3268 aqua

548 3303 692 3377 Solutio
709 3301 874 3375 Extraoti
894 3323 1041 3395 aquosa
1068 3303 1196 3377 addito
1221 3303 1327 3377 aoido
1347 3301 1632 3394 hydroohlorioo

440 3431 569 3519 diluto,
597 3429 885 3524 praecipitatum
914 3430 1111 3522 copiosum
1145 3429 1314 3521 demittit,
1336 3428 1439 3523 quod
1470 3430 1509 3504 in
1535 3429 1633 3502 filtro

440 3558 635 3632 collectum
661 3560 695 3629 11
715 3555 875 3630 eluendo
895 3556 1120 3650 depuratum
1138 3557 1302 3651 perfecte
1321 3557 1481 3631 solvitur
1495 3577 1635 3629 ammo-

439 3684 503 3757 nia
523 3685 648 3757 diluta
678 3683 821 3757 Solulio
842 3685 891 3757 ad
909 3684 1116 3758 siceitatem
1134 3690 1338 3778 evaporata
1357 3684 1552 3760 residuum
1575 3706 1636 3757 ex·

438 3812 544 3886 hibet
577 3811 711 3884 eoloris
745 3832 765 3884 1
794 3810 902 3903 nigro
926 3811 1034 3901 fusci,
1074 3811 1222 3904 saporis
1250 3812 1447 3906 perdulcis
1483 3810 1635 3905 limpide

440 3939 595 4013 solubile
616 3938 656 4009 in
677 3958 787 4030 aqua.

581 4170 894 4305 Extroetnn
931 4170 1247 4342 liquiriliae
1284 4170 1493 4306 venale.

750 4397 905 4476 Suocns
923 4393 1158 4502 Liquiritiae
1180 4400 1341 4477 orodes.

551 4539 765 4612 Extraebum
785 4557 806 4609 e
825 4538 950 4611 radice
969 4537 1185 4631 Liquiriliae
1201 4539 1323 4612 scissa
1337 4538 1534 4631 coquendo
1551 4559 1636 4612 cum

441 4688 552 4761 aqua,
589 4663 831 4755 exprimendo
865 4670 902 4739 et
925 4665 1167 4759 evaporando
1204 4666 1243 4740 in
1281 4664 1438 4738 officinis
1475 4665 1636 4758 propriis
