3725 5400
905 480 1114 554 „ap-

484 692 714 829 balciam
745 694 1089 829 carbonen!
1111 694 1535 866 praecipitatum.

517 913 644 988 Pulvis
659 916 896 1009 crystallinus
916 917 1038 1006 albam,
1053 916 1335 1003 subtilissimus5
1359 915 1399 990 in
1414 936 1514 1009 aqua
1527 915 1606 990 fere

408 1041 630 1127 insolubilia
651 1043 690 1115 iu
705 1042 813 1116 acido
829 1043 971 1117 acetico
995 1044 1112 1117 diluto
1128 1065 1214 1117 cum
1229 1043 1511 1117 effervescentia
1525 1064 1607 1136 per·

409 1170 503 1242 lecte
533 1169 718 1259 solubilis3
756 1170 893 1245 solutio
931 1170 1083 1259 acetica,
1119 1191 1205 1245 cum
1233 1170 1425 1244 ammonio
1459 1169 1605 1243 oralico

408 1298 552 1369 tentata
571 1296 824 1371 sedimentum
842 1297 971 1371 album
990 1297 1248 1391 crystallinum
1267 1297 1388 1372 efficit

411 1509 415 1517 p
517 1421 696 1497 Gramma
728 1423 842 1498 Calcii
869 1424 1057 1499 carbonici
1088 1424 1320 1519 praecipitati
1361 1447 1446 1500 cum
1484 1452 1606 1524 gram·

408 1548 480 1622 mis
498 1551 551 1624 50
565 1571 688 1645 aquae
704 1556 879 1626 excoctae
900 1558 1200 1645 conquassatum
1214 1553 1396 1628 filtratum
1413 1558 1606 1650 praebeat,

409 1677 513 1770 quod
544 1678 771 1752 reactionem
790 1679 988 1753 alcalinam
1015 1700 1063 1753 ue
1092 1679 1279 1769 exhibeat,
1308 1702 1402 1756 neve
1427 1705 1606 1778 evapora-

407 1809 488 1877 tum
503 1804 696 1879 residuum
715 1806 957 1900 ponderabile
972 1806 1171 1899 relinquat

518 1930 661 2006 Solutio
681 1953 829 2026 aquosa
845 1933 959 2008 Calcii
977 1934 1166 2007 carbonici
1179 1936 1409 2031 praecipitati
1423 1939 1459 2025 (1
1476 1968 1524 2003 =
1539 1940 1604 2029 50)

409 2078 480 2151 ope
514 2058 611 2133 acidi
649 2060 778 2134 acetici
807 2061 912 2135 diluti
936 2061 1149 2135 ebullientis
1181 2069 1314 2155 parata
1345 2084 1393 2137 ne
1418 2065 1606 2139 solutione

409 2186 514 2278 baryi
533 2185 653 2260 uitrici
673 2188 799 2261 statim
817 2209 941 2281 neque
961 2188 1149 2263 solutione
1169 2191 1312 2282 argenti
1330 2191 1451 2265 uitrici
1469 2197 1558 2285 post
1581 2193 1606 2266 5

408 2314 556 2387 minuta
585 2314 660 2389 nisi
691 2316 950 2410 opulescenter
980 2316 1166 2405 turbatum
1200 2323 1283 2391 turn
1313 2339 1385 2392 nec
1417 2319 1607 2393 ammonia

410 2445 707 2532 supersuturam,
725 2464 795 2516 nec
815 2464 916 2536 aqua
934 2443 1046 2517 calcis
1065 2444 1317 2518 sedimentum
1335 2445 1517 2520 exhibeat

519 2568 661 2644 Solutio
682 2590 837 2664 aquosa,
857 2592 929 2663 ope
949 2571 1046 2644 acidi
1061 2570 1335 2664 lrydrocblorici
1355 2594 1375 2646 e
1395 2578 1604 2667 grammate

411 2694 524 2769 Calcii
539 2696 727 2771 carbonici
739 2699 970 2792 praecipitati
984 2699 1118 2773 effecta
1132 2699 1167 2796 (1
1190 2731 1238 2765 =
1257 2701 1322 2791 50)
1356 2722 1457 2793 aqua
1470 2701 1608 2794 hydro-

411 2822 597 2897 sulfurata
628 2846 677 2898 ne
709 2830 873 2899 mutetur
900 2847 1027 2919 neque
1056 2826 1301 2920 superaddita
1344 2829 1534 2902 ammonia
1562 2849 1607 2901 ac

410 2949 601 3024 ammonio
631 2952 814 3027 sullinato
843 2953 1094 3028 sedimentum
1122 2954 1286 3049 deponat
1314 2976 1411 3029 nere
1440 2955 1607 3029 colorem

409 3077 566 3152 viridem
585 3079 753 3174 accipiat

648 3401 879 3539 balciam
905 3404 1369 3575 hypocllorosum

518 3623 648 3697 Pulvis
661 3625 770 3697 albus
785 3625 845 3698 rel
858 3624 1019 3715 albiduS,
1030 3626 1199 3698 chlorum
1210 3625 1398 3718 redolerm,
1407 3626 1607 3700 humorem

307 3787 319 3808 x
410 3751 616 3841 attrahens,
649 3751 689 3824 in
723 3773 824 3845 aqua
839 3774 886 3826 ex
916 3758 1034 3850 parte,
1076 3753 1116 3826 in
1135 3754 1262 3842 acidia,
1295 3753 1426 3826 chlom
1457 3753 1610 3846 largiter

411 3878 563 3968 emisso,
583 3879 660 3953 fere
681 3901 728 3954 cx
746 3885 825 3954 toto
846 3880 1024 3954 solubilia.

520 4006 661 4081 Solutio
689 4007 729 4081 in
757 4007 864 4081 acido
895 4008 1035 4082 acetico
1065 4008 1181 4082 diluto
1210 4009 1346 4083 filtrata
1366 4009 1493 4083 addita
1507 4009 1609 4082 solu·

409 4132 511 4208 tione
531 4136 708 4209 ammonii
728 4135 860 4209 oxalici
877 4136 1131 4209 sedimentum
1153 4136 1281 4209 album
1301 4136 1466 4230 deponit.

519 4261 649 4335 Partes
673 4263 748 4336 100
761 4262 872 4336 Calcii
890 4262 1160 4355 hypochlorosi
1181 4263 1398 4336 contineant
1411 4262 1609 4335 minimum

410 4394 539 4484 partes
555 4390 605 4464 bb
623 4390 740 4464 chlori
754 4389 872 4463 activi.
902 4389 1138 4483 Quapropter
1153 4389 1442 4481 decigrammata
1457 4391 1479 4464 5
1497 4389 1610 4463 Calcii

410 4516 677 4610 hypochlorosi
691 4517 807 4590 mixta
822 4539 909 4590 eum
924 4516 1110 4590 solutione
1127 4537 1146 4588 e
1162 4520 1367 4608 grammate
1387 4515 1475 4589 kalii
1493 4516 1609 4590 iodati

409 4642 450 4716 in
479 4645 704 4720 centimetris
733 4644 872 4719 cubicis
903 4644 955 4717 20
977 4665 1096 4737 aquae
1118 4649 1155 4717 et
1174 4642 1362 4717 acidulata
1387 4664 1473 4715 cum
1493 4643 1607 4736 guttis
