3725 5400
725 512 962 586 -163-

353 728 459 803 Folia
484 728 675 821 luglendis
703 748 835 802 mense
859 728 966 802 lunio
995 750 1129 804 sereno
1155 734 1193 803 et
1210 732 1313 804 sicco
1333 732 1437 805 coelo

247 855 457 950 colligenda
476 860 513 930 et
529 855 656 930 foliola
674 856 849 950 apetiolo
869 856 1061 931 communi
1075 857 1200 931 soluta
1213 856 1286 930 cito
1302 857 1437 931 siccate

245 989 451 1058 serventur.
471 983 680 1057 Siccetione
699 984 918 1076 nigricante
935 984 1155 1059 reiiriantur.

359 1112 434 1186 100
448 1116 577 1206 partes
590 1111 779 1185 Foliorum
798 1131 847 1186 ne
860 1112 946 1204 plus
966 1133 1081 1203 quam
1095 1116 1221 1205 partes
1241 1112 1289 1184 10
1304 1111 1437 1186 cineris

245 1239 417 1314 efficiant

632 1472 779 1607 Folia
814 1471 1041 1607 Malvae.

352 1692 475 1767 Malva
493 1692 650 1789 valyarls
669 1693 792 1768 Fries
823 1699 860 1768 et
887 1692 1013 1767 Malva
1030 1692 1199 1767 silvestris
1227 1694 1268 1769 L.
1287 1695 1437 1788 plantae

242 1821 439 1915 indigenae
457 1822 641 1915 vulgares.

351 1946 457 2022 Folia
483 1949 702 2042 longissime
730 1948 908 2042 petiolata
949 1950 1345 2027 cordato-orbicularie
1372 1961 1438 2028 aut

242 2056 466 2165 renisormie,
486 2075 621 2151 4-10
649 2077 867 2150 centimetre
893 2077 980 2166 lata,
1009 2078 1211 2152 sublebete
1229 2081 1288 2154 vel
1317 2083 1437 2155 5-7-

242 2180 330 2276 l'oba
356 2202 452 2276 tobis
477 2203 634 2293 obtusiS,
660 2203 1283 2297 subduplicaracanato-dentatis,
1315 2209 1436 2282 5-7-

244 2331 382 2419 nervia,
392 2330 646 2424 pilosiusrula,
664 2351 827 2425 superne
847 2336 1012 2406 saturato
1031 2332 1171 2422 viridia,
1183 2334 1318 2407 subtus
1335 2334 1436 2427 palli-

244 2457 359 2547 diora,
374 2457 544 2549 inodora,
561 2459 706 2551 saporis
720 2458 991 2551 mucilaginosi,
1013 2480 1033 2533 e
1052 2460 1188 2553 plantis
1208 2461 1435 2537 florescenti-

245 2586 316 2658 bus
336 2584 543 2678 colligenda
562 2590 600 2660 et
618 2585 757 2659 siccate
775 2588 973 2661 servanda.

356 2714 432 2787 100
450 2719 579 2807 partes
607 2735 656 2788 ne
684 2715 769 2807 plus
799 2736 914 2809 quam
942 2720 1069 2809 partes
1103 2716 1151 2789 16
1172 2715 1305 2792 cineris
1325 2716 1433 2792 relin-

244 2845 368 2935 quant
1287 2849 1291 2854 '

611 3055 758 3192 Folia
794 3057 1063 3194 Melissae.

348 3274 494 3349 Melissa
532 3275 722 3369 officinalis
759 3277 813 3365 L,
851 3279 979 3371 planta
1015 3279 1202 3372 perendie,
1229 3278 1268 3352 in
1284 3278 1433 3374 Europa

241 3402 393 3476 australi
412 3403 596 3496 indigena,
617 3404 761 3496 passim
779 3405 817 3477 in
836 3403 956 3478 hortis
976 3405 1085 3479 culta.

348 3529 452 3605 Folia
465 3532 578 3625 longe
592 3531 779 3625 petiolate,
795 3533 868 3606 late
885 3537 996 3605 ovate
1012 3533 1072 3605 vel
1087 3533 1326 3624 subcordete,
1348 3556 1433 3608 een·

239 3657 385 3731 timetre
405 3657 428 3731 5
448 3680 640 3733 summum
658 3658 783 3750 longa,
800 3680 931 3751 grosse
951 3665 1273 3750 arenata-serrata,
1292 3661 1431 3750 tenuia,

240 3804 355 3876 supra
374 3790 538 3859 saturare
552 3786 693 3878 viridia,
713 3786 938 3879 submgose,
955 3786 1090 3860 subtus
1104 3786 1309 3879 pallidiora,
1327 3809 1431 3881 spar-

240 3909 311 3984 sim
329 3911 451 4004 pilose
470 3917 507 3987 et
524 3913 667 3986 minute
684 3913 916 4006 glandulosa,
936 3934 1052 3987 nervo
1076 3912 1252 4006 primario
1271 3918 1432 4007 utroque

241 4038 345 4109 3-6
383 4059 521 4113 nervos
571 4040 815 4113 secundarios
850 4041 1051 4130 emittente,
1086 4044 1189 4132 grate
1222 4040 1430 4124 citriodore,

239 4166 384 4259 saporis
404 4168 606 4258 aromatici,
628 4168 877 4259 amariuseuli,
898 4168 1247 4261 subadstringentis.

346 4292 449 4366 Folia
467 4295 594 4386 planta
614 4295 834 4369 florescente
863 4296 1018 4369 collecta
1046 4300 1081 4368 et
1109 4295 1247 4369 siccata
1274 4295 1312 4368 in
1340 4318 1431 4370 vase

238 4419 334 4494 bene
353 4420 482 4494 clauso
501 4442 550 4495 ne
567 4422 666 4495 ultra
685 4444 827 4496 annum
847 4428 1053 4497 serventur.

350 4548 425 4620 100
449 4552 594 4640 ⁴partes
613 4550 749 4623 mercis
768 4571 816 4623 ne
836 4551 923 4642 plus
944 4571 1058 4642 quern
1077 4555 1205 4643 partes
1229 4550 1276 4623 ln
1298 4551 1431 4624 cineris

236 4676 457 4767 relinquant

1161 4817 1211 4871 11·
