3725 5400
710 521 953 593 *273—

343 732 569 811 Centimetra
602 737 734 811 cubica
768 740 790 812 3
820 730 900 812 Olei
920 730 1075 811 'Sesami
1093 728 1429 814 cumcenumetro

232 864 371 939 cubico·
385 864 584 939 solutionis
599 865 725 938 stanni
740 864 897 939 chlorati
916 871 1172 958 conquassata
1186 872 1223 941 et
1239 867 1279 941 in
1293 868 1429 943 balneo

235 990 355 1084 aquae
376 988 555 1066 calefacta
574 992 739 1065 colorem
756 992 914 1065 rubrum
932 992 1096 1066 trahunt
1262 986 1265 991 ’

306 1140 310 1145 ·
344 1116 570 1194 Centimet'ra
608 1119 740 1193 cubica
773 1120 808 1193 5·
839 1111 935 1193 acidi
977 1120 1098 1194 nitrici
1130 1121 1309 1196 firmantis
1343 1145 1430 1198 cum

236 1247 383 1339 aequali
408 1246 599 1321 volumine
633 1269 753 1340 aquae
786 1252 823 1321 et
855 1247 1082 1321 centimetris
1117 1248 1257 1323 cubicis
1282 1246 1330 1323 10
1350 1250 1431 1324 Olei

222 1373 382 1447 ¹Sesami
412 1379 667 1467 temperatura
690 1375 762 1446 10ο
788 1374 1032 1449 vehementer
1056 1382 1312 1469 conquassata
1339 1376 1429 1450 mix-

235 1500 376 1606 tionem
395 1500 549 1575 mbram
567 1500 782 1595 praebeant,
814 1523 911 1594 quae
930 1501 1124 1576 nonnullis
1143 1502 1247 1605 horis
1266 1503 1429 1597 peractis

235 1627 370 1721 partim
408 1628 612 1718 solidescit;
651 1634 810 1702 stratum
850 1613 1040 1721 aquosum
1077 1630 1227 1703 acidum
1266 1631 1430 1704 colorem

235 1755 391 1828 rubrum
405 1755 549 1847 accipit.
777 1754 781 1761 ’

323 1882 532 1955 'Numerus
561 1881 880 1975 saponificationis
909 1883 957 1956 sit
990 1883 1063 1957 187
1071 1885 1214 1975 -193,
1247 1905 1432 1959 numerus

235 2008 311 2082 iodi
335 2010 557 2082 101-111.

241 2246 534 2356 oleum
551 2244 886 2380 senapis
909 2186 1430 2358 mellica-eum.

344 2428 591 2503 Eseminibus
605 2426 752 2525 Sinopis
762 2428 1038 2526 niorceaboleo
1048 2430 1177 2523 pingui
1188 2429 1430 2523 expressione

235 2554 400 2629 liberatis
420 2562 458 2631 et
476 2556 563 2629 dein
581 2557 620 2630 in
640 2577 740 2649 aqua
758 2555 956 2629 maceratis
977 2555 1223 2631 destillatione
1242 2562 1428 2650 paratum,

240 2681 392 2757 decolor
410 2689 476 2758 aut
495 2684 714 2773 flavescam,
734 2682 942 2777 limpidum,
968 2682 1096 2758 odoris
1115 2683 1433 2777 penetrantissimi

237 2811 345 2902 acria,
367 2812 514 2904 saporis
528 2812 636 2885 valde
655 2804 811 2902 mentre,
832 2812 872 2884 in
891 2818 976 2885 cute
997 2833 1073 2903 qua
1091 2812 1328 2915 umefaciens
1349 2811 1434 2904 agit.

344 2939 479 3014 Oleum
499 2939 647 3033 Sinapis
667 2942 725 3013 est
742 2938 922 3032 ponderis
942 2939 1107 3033 specifici
1130 2940 1434 3029 tulo-lule,

236 3071 490 3160 temperatura
527 3066 789 3140 1480-151ο
822 3066 959 3156 ebullit,
996 3067 1103 3141 facile
1132 3068 1171 3140 in
1199 3066 1330 3161 spiritu
1357 3066 1434 3140 vini

237 3193 339 3266 etin
368 3194 530 3284 aethere,
561 3214 696 3288 parum
723 3193 762 3267 in
791 3215 891 3285 aqua
918 3194 1092 3283 solubile;
1122 3194 1258 3268 solutio
1288 3216 1434 3288 aquosa

231 3321 309 3395 cito
330 3321 629 3416 decomponitur.

346 3449 563 3524 Grammata
584 3452 606 3523 3
627 3450 709 3525 Olei
727 3450 875 3544 Sinapis
899 3450 1079 3542 grammis
1109 3452 1132 3523 6
1153 3450 1249 3524 acidi
1267 3451 1435 3524 sulimioi

238 3578 467 3651 concentrati
490 3577 709 3670 'refrigerati
746 3577 891 3651 sensim
937 3577 1103 3652 admixta
1140 3578 1434 3671 conquassando

238 3706 479 3778 vehementer
498 3704 749 3779 effervescunt
776 3708 814 3778 et
840 3705 881 3778 in
903 3704 1089 3797 liquorem
1108 3705 1277 3798 spissum
1295 3705 1435 3778 ssavum

239 3831 388 3906 abeum
675 3907 678 3910 ,

348 3959 491 4033 Solutio
529 3959 733 4053 spirituosa
779 3959 860 4034 Olei
908 3958 1056 4052 Sinapis
1096 3960 1260 4050 (1:6)
1299 3958 1435 4032 additis

239 4087 430 4161 nonnullis
451 4088 562 4179 guttis
582 4088 670 4161 ferri
689 4087 977 4180 sesquichlorati
995 4086 1108 4160 soluti
1125 4108 1174 4160 ne
1194 4091 1367 4160 mutetur.

514 4337 695 4473 ilicum
733 4337 1163 4472 terebinthinae.

353 4560 381 4632 Ε
405 4558 655 4632 Terebinlltiao
675 4558 847 4631 communi
874 4578 946 4650 ope
967 4579 1087 4650 aquae
1107 4577 1290 4650 vaporum
1311 4559 1435 4631 oleum

243 4688 462 4761 aethereum
482 4686 711 4761 destillatum
732 4686 780 4758 sit
798 4685 1005 4778 limpidum,
1027 4684 1179 4757 decolor
1197 4689 1262 4758 aut
1280 4685 1435 4778 paulum

297 4843 489 4898 Pharmacopoon.
1186 4824 1219 4877 18
