3725 5400
292 697 401 771 Adde
1225 730 1227 735 ⁴

329 828 426 898 Ferri
443 827 615 917 pulveratl
1158 833 1284 923 partes
1354 830 1417 902 30.

292 952 494 1026 Miscellam
523 951 648 1043 digere
677 951 829 1045 saepius
858 952 1034 1045 agitando
1058 954 1098 1027 in
1116 955 1252 1029 balneo
1282 976 1415 1049 aquae,

222 1079 342 1153 donec
385 1078 523 1152 reactio
561 1078 774 1172 cessaverit,
817 1080 942 1154 adbuc
975 1080 1133 1155 calidam
1170 1083 1269 1157 filtra
1304 1089 1342 1158 et
1369 1084 1419 1158 ad

221 1206 503 1280 consistentiam
546 1204 674 1298 syrupi
719 1206 900 1281 tenuioris
947 1229 1122 1302 evapora.
1163 1208 1418 1303 Refrigeratae

223 1333 389 1407 admisce
428 1332 621 1406 chininum
662 1333 788 1407 adbuc
817 1333 1015 1408 humidum
1053 1339 1091 1410 et
1123 1336 1261 1429 optime
1298 1339 1418 1412 lotum

220 1470 390 1533 recenter
408 1464 582 1552 paratum
602 1481 622 1533 e

330 1589 461 1660 0111111111
480 1590 638 1661 1111111111
1115 1590 1281 1687 portibus
1329 1593 1416 1667 13·5

293 1727 364 1807 ope
389 1714 485 1788 acidi
503 1714 671 1789 sulfurici
688 1715 728 1788 in
749 1737 850 1809 aqua
877 1716 1061 1790 solvendo
1082 1723 1120 1791 et
1136 1719 1416 1812 praecipitando

219 1840 340 1913 natrio
359 1838 646 1934 hydrooirydato
666 1843 801 1916 soluto.

328 1968 520 2041 Solutione
553 1973 705 2061 peracta
736 1969 927 2062 liquidum
958 1970 997 2044 in
1024 1972 1153 2065 patina
1178 1974 1417 2065 porcellanea

219 2095 452 2169 tenuioribus
476 2095 602 2168 stratis
621 2096 794 2169 illinitum
819 2097 895 2171 leni
918 2099 1041 2171 calore
1066 2120 1090 2171 a
1117 2099 1200 2173 luce
1228 2106 1416 2174 remotum

220 2222 329 2294 sicca.

327 2349 513 2422 Lamellae
537 2348 686 2439 nitidae,
712 2349 936 2442 diaphanae,
967 2350 1103 2424 coloris
1123 2373 1143 2424 e
1172 2353 1288 2426 rubro
1307 2354 1414 2443 fusci,

220 2475 367 2567 saporis
382 2475 500 2549 amari
515 2481 552 2548 et
565 2475 776 2567 ferruginei,
786 2476 826 2550 in
840 2498 942 2573 aqua
955 2478 1055 2552 lente
1066 2479 1219 2570 quidem
1233 2480 1302 2553 sed
1313 2481 1416 2554 omni

219 2603 471 2696 proportione,
490 2603 530 2675 in
549 2602 681 2696 spiritu
698 2603 775 2676 vini
793 2605 949 2697 paulum
968 2605 1159 2679 solubiles

327 2730 469 2804 Solutio
504 2753 651 2824 aquosa
683 2732 790 2805 acido
832 2731 1119 2825 hydrochlorico
1158 2734 1344 2809 acidulata
1381 2741 1418 2809 et
1457 2721 1465 2732 ’

217 2856 315 2930 kalio
332 2858 592 2952 ferrocyanato
637 2863 674 2932 et
714 2858 812 2932 kalio
847 2859 1095 2952 lemicyanato
1133 2862 1418 2954 praecipitatum

114 3070 117 3074 ⁷
219 2985 434 3058 caeruleum
453 2985 619 3059 demittit.

332 3110 477 3199 Quodsi
505 3134 592 3185 cum
616 3114 803 3188 solutione
828 3136 988 3212 aquosa,
1020 3114 1155 3189 additis
1175 3114 1288 3206 guttis
1327 3138 1419 3189 non·

218 3238 330 3312 nullis
345 3239 457 3312 natrii
474 3239 749 3333 hydrooxydati
771 3241 897 3331 soluti,
919 3243 1049 3315 aether
1068 3241 1216 3334 aequali
1230 3242 1419 3317 volumine

218 3366 511 3458 conquassando
544 3367 723 3442 miscetur
756 3374 793 3441 et
834 3390 858 3441 a
889 3373 1007 3442 strato
1051 3390 1197 3461 aquoso
1226 3369 1419 3443 seiunctus

221 3492 269 3565 ad
288 3492 431 3566 siccum
456 3498 690 3586 evaporatur,
718 3494 913 3567 residuum
944 3500 1097 3568 exstans
1120 3495 1160 3568 in
1194 3516 1294 3587 aqua
1312 3495 1420 3570 acido

220 3619 506 3712 hydrochlorico
526 3620 713 3694 acidulata
740 3621 908 3694 solutum
938 3643 1038 3713 aqua
1057 3621 1175 3695 chlori
1194 3622 1419 3697 succedente

219 3746 411 3820 ammonia
429 3747 555 3820 colore
574 3746 682 3820 viridi
700 3747 872 3820 inficitur.

327 3874 471 3963 Quodsi
491 3878 700 3966 grammata
719 3876 741 3947 3
762 3873 866 3948 Ferri
889 3875 1002 3948 uitrici
1021 3875 1172 3950 chnnati
1200 3876 1419 3950 1111111εηί1-

219 4001 347 4074 metris
380 4001 520 4074 cubicis
559 4001 606 4074 11
641 4022 762 4093 aquae
801 4001 917 4075 mixta
950 4002 1095 4076 adiecto
1129 4002 1250 4076 natrio
1283 4002 1421 4095 hydro·

219 4128 380 4220 oxydato
423 4132 539 4216 tanto,
581 4133 624 4202 ut
664 4128 802 4202 reactio
850 4129 1039 4203 miscellae
1080 4130 1223 4203 fortiter
1265 4130 1423 4214 alcalina
1569 4199 1570 4202 1

219 4255 380 4329 evaserit
433 4255 550 4328 ternis
591 4255 735 4329 vicibus
779 4278 865 4330 cum
912 4256 1139 4330 centimetris
1186 4256 1325 4330 cubicis
1369 4257 1420 4329 10

219 4381 381 4455 aetheris
415 4383 740 4474 conquassaveris
780 4383 910 4456 aether
947 4382 1140 4456 seiunctus
1174 4389 1212 4456 et
1243 4383 1420 4456 collectus

219 4508 461 4601 evaporando
479 4509 675 4582 residuum
694 4510 892 4602 relinquat,
914 4510 1016 4601 quod
1037 4514 1290 4603 temperatura
1313 4511 1416 4583 1000

220 4634 400 4708 siccatum
420 4635 571 4709 minime
592 4637 901 4727 centigrammata
917 4637 965 4710 17
989 4637 1128 4710 chinini
1148 4636 1293 4710 efficiat
