<?xml version="1.0" encoding="UTF-8"?>
<!DOCTYPE html PUBLIC "-//W3C//DTD XHTML 1.0 Transitional//EN"
    "http://www.w3.org/TR/xhtml1/DTD/xhtml1-transitional.dtd">
<html xmlns="http://www.w3.org/1999/xhtml" xml:lang="en" lang="en">
 <head>
  <title>
</title>
<meta http-equiv="Content-Type" content="text/html;charset=utf-8" />
  <meta name='ocr-system' content='tesseract 3.04.00' />
  <meta name='ocr-capabilities' content='ocr_page ocr_carea ocr_par ocr_line ocrx_word'/>
</head>
<body>
  <div class='ocr_page' id='page_1' title='image "./pharmacopoeaaus00innegoog_0172.png"; bbox 0 0 3725 5400; ppageno 0'>
   <div class='ocr_carea' id='block_1_1' title="bbox 931 472 1167 546">
    <p class='ocr_par' dir='ltr' id='par_1_1' title="bbox 931 472 1167 546">
     <span class='ocr_line' id='line_1_1' title="bbox 931 472 1167 546; baseline 0.008 -2"><span class='ocrx_word' id='word_1_1' title='bbox 931 472 1167 546; x_wconf 79' lang='lat'>-140-</span> 
     </span>
    </p>
   </div>
   <div class='ocr_carea' id='block_1_2' title="bbox 448 688 1647 911">
    <p class='ocr_par' dir='ltr' id='par_1_2' title="bbox 448 688 1647 911">
     <span class='ocr_line' id='line_1_2' title="bbox 559 688 1647 784; baseline 0 -17"><span class='ocrx_word' id='word_1_2' title='bbox 559 691 760 767; x_wconf 83' lang='lat' dir='ltr'>Chininum</span> <span class='ocrx_word' id='word_1_3' title='bbox 788 692 902 764; x_wconf 89' lang='lat' dir='ltr'>modo</span> <span class='ocrx_word' id='word_1_4' title='bbox 932 690 1119 784; x_wconf 87' lang='lat' dir='ltr'>descripto</span> <span class='ocrx_word' id='word_1_5' title='bbox 1149 712 1170 764; x_wconf 95' lang='lat' dir='ltr'>e</span> <span class='ocrx_word' id='word_1_6' title='bbox 1198 688 1313 763; x_wconf 82' lang='lat' dir='ltr'><strong>Ferro</strong></span> <span class='ocrx_word' id='word_1_7' title='bbox 1334 690 1459 769; x_wconf 76' lang='lat' dir='ltr'>clirico</span> <span class='ocrx_word' id='word_1_8' title='bbox 1484 692 1647 767; x_wconf 84' lang='lat' dir='ltr'>chiniato</span> 
     </span>
     <span class='ocr_line' id='line_1_3' title="bbox 448 818 1647 911; baseline 0 -17"><span class='ocrx_word' id='word_1_9' title='bbox 448 820 683 894; x_wconf 90' lang='lat' dir='ltr'>elaboratum</span> <span class='ocrx_word' id='word_1_10' title='bbox 714 819 754 892; x_wconf 90' lang='lat' dir='ltr'>in</span> <span class='ocrx_word' id='word_1_11' title='bbox 787 819 920 911; x_wconf 89' lang='lat' dir='ltr'>spiritu</span> <span class='ocrx_word' id='word_1_12' title='bbox 950 818 1028 891; x_wconf 86' lang='lat' dir='ltr'>vini</span> <span class='ocrx_word' id='word_1_13' title='bbox 1061 819 1237 905; x_wconf 91' lang='lat' dir='ltr'>solutum,</span> <span class='ocrx_word' id='word_1_14' title='bbox 1271 823 1400 892; x_wconf 84' lang='lat' dir='ltr'>exacte</span> <span class='ocrx_word' id='word_1_15' title='bbox 1429 841 1516 893; x_wconf 90' lang='lat' dir='ltr'>cum</span> <span class='ocrx_word' id='word_1_16' title='bbox 1539 820 1647 894; x_wconf 89' lang='lat' dir='ltr'>acido</span> 
     </span>
    </p>
   </div>
   <div class='ocr_carea' id='block_1_3' title="bbox 307 945 1648 1039">
    <p class='ocr_par' dir='ltr' id='par_1_3' title="bbox 307 945 1648 1039">
     <span class='ocr_line' id='line_1_4' title="bbox 307 945 1648 1039; baseline 0 -17"><span class='ocrx_word' id='word_1_17' title='bbox 307 1002 308 1005; x_wconf 15' lang='grc' dir='ltr'>η</span> <span class='ocrx_word' id='word_1_18' title='bbox 448 947 627 1022; x_wconf 81' lang='lat' dir='ltr'>sulfurico</span> <span class='ocrx_word' id='word_1_19' title='bbox 666 946 783 1020; x_wconf 93' lang='lat' dir='ltr'>diluto</span> <span class='ocrx_word' id='word_1_20' title='bbox 821 947 1108 1021; x_wconf 86' lang='lat' dir='ltr'>neutralisatum</span> <span class='ocrx_word' id='word_1_21' title='bbox 1145 949 1184 1018; x_wconf 86' lang='lat' dir='ltr'>ei</span> <span class='ocrx_word' id='word_1_22' title='bbox 1215 945 1302 1018; x_wconf 91' lang='lat' dir='ltr'>dein</span> <span class='ocrx_word' id='word_1_23' title='bbox 1335 947 1576 1039; x_wconf 73' lang='lat' dir='ltr'>evaporando</span> <span class='ocrx_word' id='word_1_24' title='bbox 1608 948 1648 1021; x_wconf 94' lang='lat' dir='ltr'>in</span> 
     </span>
    </p>
   </div>
   <div class='ocr_carea' id='block_1_4' title="bbox 446 1074 1650 2167">
    <p class='ocr_par' dir='ltr' id='par_1_4' title="bbox 447 1074 1647 1296">
     <span class='ocr_line' id='line_1_5' title="bbox 449 1074 1647 1168; baseline 0.002 -21"><span class='ocrx_word' id='word_1_25' title='bbox 449 1074 643 1149; x_wconf 87' lang='lat' dir='ltr'>chininum</span> <span class='ocrx_word' id='word_1_26' title='bbox 682 1075 905 1148; x_wconf 79' lang='lat' dir='ltr'>sulfuricum</span> <span class='ocrx_word' id='word_1_27' title='bbox 942 1075 1254 1148; x_wconf 81' lang='lat' dir='ltr'>transformatum</span> <span class='ocrx_word' id='word_1_28' title='bbox 1289 1074 1647 1168; x_wconf 80' lang='lat' dir='ltr'>praescriptionibus</span> 
     </span>
     <span class='ocr_line' id='line_1_6' title="bbox 447 1203 1036 1296; baseline -0.003 -20"><span class='ocrx_word' id='word_1_29' title='bbox 447 1203 777 1296; x_wconf 87' lang='lat' dir='ltr'>pharmacopoeae</span> <span class='ocrx_word' id='word_1_30' title='bbox 796 1203 1036 1295; x_wconf 71' lang='lat' dir='ltr'>respondeat.</span> 
     </span>
    </p>

    <p class='ocr_par' dir='ltr' id='par_1_5' title="bbox 446 1327 1650 2060">
     <span class='ocr_line' id='line_1_7' title="bbox 557 1327 1648 1423; baseline 0.001 -20"><span class='ocrx_word' id='word_1_31' title='bbox 557 1328 735 1404; x_wconf 87' lang='lat' dir='ltr'>Gramma</span> <span class='ocrx_word' id='word_1_32' title='bbox 767 1329 870 1403; x_wconf 83' lang='lat' dir='ltr'>Ferri</span> <span class='ocrx_word' id='word_1_33' title='bbox 897 1329 1012 1403; x_wconf 86' lang='lat' dir='ltr'>citriei</span> <span class='ocrx_word' id='word_1_34' title='bbox 1040 1328 1191 1402; x_wconf 88' lang='lat' dir='ltr'>chiniati</span> <span class='ocrx_word' id='word_1_35' title='bbox 1222 1329 1262 1403; x_wconf 91' lang='lat' dir='ltr'>in</span> <span class='ocrx_word' id='word_1_36' title='bbox 1289 1327 1391 1403; x_wconf 88' lang='lat' dir='ltr'>fictili</span> <span class='ocrx_word' id='word_1_37' title='bbox 1408 1331 1648 1423; x_wconf 89' lang='lat' dir='ltr'>porcellaneo</span> 
     </span>
     <span class='ocr_line' id='line_1_8' title="bbox 448 1456 1650 1550; baseline 0.002 -20"><span class='ocrx_word' id='word_1_38' title='bbox 448 1457 554 1531; x_wconf 88' lang='lat' dir='ltr'>acido</span> <span class='ocrx_word' id='word_1_39' title='bbox 593 1457 725 1531; x_wconf 84' lang='lat' dir='ltr'>uitrico</span> <span class='ocrx_word' id='word_1_40' title='bbox 758 1457 1026 1546; x_wconf 84' lang='lat' dir='ltr'>humectatum,</span> <span class='ocrx_word' id='word_1_41' title='bbox 1065 1456 1141 1529; x_wconf 89' lang='lat' dir='ltr'>leni</span> <span class='ocrx_word' id='word_1_42' title='bbox 1173 1457 1297 1530; x_wconf 88' lang='lat' dir='ltr'>calore</span> <span class='ocrx_word' id='word_1_43' title='bbox 1331 1462 1574 1550; x_wconf 86' lang='lat' dir='ltr'>evaporatum</span> <span class='ocrx_word' id='word_1_44' title='bbox 1611 1462 1650 1533; x_wconf 90' lang='lat' dir='ltr'>et</span> 
     </span>
     <span class='ocr_line' id='line_1_9' title="bbox 446 1584 1647 1678; baseline 0.002 -21"><span class='ocrx_word' id='word_1_45' title='bbox 446 1584 654 1658; x_wconf 88' lang='lat' dir='ltr'>residuum·</span> <span class='ocrx_word' id='word_1_46' title='bbox 673 1605 796 1678; x_wconf 90' lang='lat' dir='ltr'>usque</span> <span class='ocrx_word' id='word_1_47' title='bbox 830 1585 878 1658; x_wconf 93' lang='lat' dir='ltr'>ad</span> <span class='ocrx_word' id='word_1_48' title='bbox 904 1584 1206 1658; x_wconf 81' lang='lat' dir='ltr'>combustionem</span> <span class='ocrx_word' id='word_1_49' title='bbox 1231 1584 1454 1676; x_wconf 85' lang='lat' dir='ltr'>completam</span> <span class='ocrx_word' id='word_1_50' title='bbox 1473 1586 1647 1659; x_wconf 86' lang='lat' dir='ltr'>carbonis</span> 
     </span>
     <span class='ocr_line' id='line_1_10' title="bbox 446 1711 1646 1809; baseline 0 -24"><span class='ocrx_word' id='word_1_51' title='bbox 446 1711 709 1786; x_wconf 86' lang='lat' dir='ltr'>candefactum</span> <span class='ocrx_word' id='word_1_52' title='bbox 741 1733 789 1784; x_wconf 91' lang='lat' dir='ltr'>ne</span> <span class='ocrx_word' id='word_1_53' title='bbox 808 1711 935 1785; x_wconf 89' lang='lat' dir='ltr'>minus</span> <span class='ocrx_word' id='word_1_54' title='bbox 956 1733 1072 1809; x_wconf 89' lang='lat' dir='ltr'>quam</span> <span class='ocrx_word' id='word_1_55' title='bbox 1096 1711 1389 1805; x_wconf 81' lang='lat' dir='ltr'>decigrammata</span> <span class='ocrx_word' id='word_1_56' title='bbox 1409 1711 1432 1784; x_wconf 88' lang='lat'><strong>3</strong></span> <span class='ocrx_word' id='word_1_57' title='bbox 1451 1712 1540 1785; x_wconf 82' lang='lat' dir='ltr'>ferri</span> <span class='ocrx_word' id='word_1_58' title='bbox 1558 1733 1646 1805; x_wconf 84' lang='lat' dir='ltr'>oxy·</span> 
     </span>
     <span class='ocr_line' id='line_1_11' title="bbox 447 1838 1650 1932; baseline 0.001 -20"><span class='ocrx_word' id='word_1_59' title='bbox 447 1838 524 1913; x_wconf 94' lang='lat' dir='ltr'>dati</span> <span class='ocrx_word' id='word_1_60' title='bbox 555 1839 750 1931; x_wconf 71' lang='lat' dir='ltr'>relinquat,</span> <span class='ocrx_word' id='word_1_61' title='bbox 790 1839 892 1931; x_wconf 88' lang='lat' dir='ltr'>quod</span> <span class='ocrx_word' id='word_1_62' title='bbox 930 1838 970 1911; x_wconf 91' lang='lat' dir='ltr'>in</span> <span class='ocrx_word' id='word_1_63' title='bbox 1008 1859 1109 1932; x_wconf 90' lang='lat' dir='ltr'>aqua</span> <span class='ocrx_word' id='word_1_64' title='bbox 1141 1838 1253 1932; x_wconf 92' lang='lat' dir='ltr'>plane</span> <span class='ocrx_word' id='word_1_65' title='bbox 1290 1838 1488 1913; x_wconf 91' lang='lat' dir='ltr'>insolubile</span> <span class='ocrx_word' id='word_1_66' title='bbox 1526 1840 1575 1913; x_wconf 90' lang='lat' dir='ltr'>sit</span> <span class='ocrx_word' id='word_1_67' title='bbox 1610 1843 1650 1913; x_wconf 85' lang='lat' dir='ltr'>et</span> 
     </span>
     <span class='ocr_line' id='line_1_12' title="bbox 448 1965 1313 2060; baseline 0 -21"><span class='ocrx_word' id='word_1_68' title='bbox 448 1965 616 2039; x_wconf 90' lang='lat' dir='ltr'>chartam</span> <span class='ocrx_word' id='word_1_69' title='bbox 636 1966 924 2060; x_wconf 84' lang='lat' dir='ltr'>exploratoriam</span> <span class='ocrx_word' id='word_1_70' title='bbox 943 1966 1099 2039; x_wconf 90' lang='lat' dir='ltr'>rubram</span> <span class='ocrx_word' id='word_1_71' title='bbox 1117 1987 1165 2038; x_wconf 90' lang='lat' dir='ltr'>ne</span> <span class='ocrx_word' id='word_1_72' title='bbox 1186 1970 1313 2039; x_wconf 88' lang='lat' dir='ltr'>mutet</span> 
     </span>
    </p>

    <p class='ocr_par' dir='ltr' id='par_1_6' title="bbox 556 2092 1095 2167">
     <span class='ocr_line' id='line_1_13' title="bbox 556 2092 1095 2167; baseline -0.004 0"><span class='ocrx_word' id='word_1_73' title='bbox 556 2092 734 2167; x_wconf 85' lang='lat' dir='ltr'>Servetur</span> <span class='ocrx_word' id='word_1_74' title='bbox 753 2114 776 2165; x_wconf 92' lang='lat' dir='ltr'>a</span> <span class='ocrx_word' id='word_1_75' title='bbox 793 2094 877 2167; x_wconf 88' lang='lat' dir='ltr'>luce</span> <span class='ocrx_word' id='word_1_76' title='bbox 897 2097 1095 2166; x_wconf 88' lang='lat' dir='ltr'>remotum.</span> 
     </span>
    </p>
   </div>
   <div class='ocr_carea' id='block_1_5' title="bbox 501 2413 1592 2585">
    <p class='ocr_par' dir='ltr' id='par_1_7' title="bbox 501 2413 1592 2585">
     <span class='ocr_line' id='line_1_14' title="bbox 501 2413 1592 2585; baseline 0.002 -35"><span class='ocrx_word' id='word_1_77' title='bbox 501 2417 726 2551; x_wconf 82' lang='lat' dir='ltr'>Ferrum</span> <span class='ocrx_word' id='word_1_78' title='bbox 763 2413 1230 2585; x_wconf 83' lang='lat' dir='ltr'>lydroorydatun</span> <span class='ocrx_word' id='word_1_79' title='bbox 1268 2415 1592 2585; x_wconf 84' lang='lat' dir='ltr'>dialysatun</span> 
     </span>
    </p>
   </div>
   <div class='ocr_carea' id='block_1_6' title="bbox 444 2614 1648 3329">
    <p class='ocr_par' dir='ltr' id='par_1_8' title="bbox 907 2614 1182 2788">
     <span class='ocr_line' id='line_1_15' title="bbox 907 2614 1182 2788; baseline 0.007 -40"><span class='ocrx_word' id='word_1_80' title='bbox 907 2614 1182 2788; x_wconf 87' lang='lat' dir='ltr'>liquidum.</span> 
     </span>
    </p>

    <p class='ocr_par' dir='ltr' id='par_1_9' title="bbox 444 2854 1648 3329">
     <span class='ocr_line' id='line_1_16' title="bbox 555 2854 1647 2950; baseline 0.005 -23"><span class='ocrx_word' id='word_1_81' title='bbox 555 2854 751 2947; x_wconf 88' lang='lat' dir='ltr'>Dialyseos</span> <span class='ocrx_word' id='word_1_82' title='bbox 766 2875 838 2948; x_wconf 92' lang='lat' dir='ltr'>ope</span> <span class='ocrx_word' id='word_1_83' title='bbox 850 2876 895 2928; x_wconf 84' lang='lat' dir='ltr'>ex</span> <span class='ocrx_word' id='word_1_84' title='bbox 904 2856 1003 2929; x_wconf 81' lang='lat' dir='ltr'>ferro</span> <span class='ocrx_word' id='word_1_85' title='bbox 1016 2856 1315 2948; x_wconf 88' lang='lat' dir='ltr'>sesquichlorato</span> <span class='ocrx_word' id='word_1_86' title='bbox 1330 2855 1459 2929; x_wconf 84' lang='lat' dir='ltr'>basico</span> <span class='ocrx_word' id='word_1_87' title='bbox 1473 2862 1647 2950; x_wconf 87' lang='lat' dir='ltr'>paratum</span> 
     </span>
     <span class='ocr_line' id='line_1_17' title="bbox 446 2982 1646 3075; baseline 0.002 -19"><span class='ocrx_word' id='word_1_88' title='bbox 446 2982 621 3056; x_wconf 83' lang='lat' dir='ltr'>exhibeat</span> <span class='ocrx_word' id='word_1_89' title='bbox 638 2983 823 3074; x_wconf 85' lang='lat' dir='ltr'>liquorem</span> <span class='ocrx_word' id='word_1_90' title='bbox 842 2982 1050 3075; x_wconf 91' lang='lat' dir='ltr'>limpidum,</span> <span class='ocrx_word' id='word_1_91' title='bbox 1077 2983 1212 3056; x_wconf 88' lang='lat' dir='ltr'>coloris</span> <span class='ocrx_word' id='word_1_92' title='bbox 1236 2983 1384 3056; x_wconf 88' lang='lat' dir='ltr'>intense</span> <span class='ocrx_word' id='word_1_93' title='bbox 1399 2984 1514 3073; x_wconf 73' lang='lat' dir='ltr'>rubri</span> <span class='ocrx_word' id='word_1_94' title='bbox 1544 3006 1646 3058; x_wconf 88' lang='lat' dir='ltr'>reac-</span> 
     </span>
     <span class='ocr_line' id='line_1_18' title="bbox 444 3109 1647 3206; baseline 0.002 -23"><span class='ocrx_word' id='word_1_95' title='bbox 444 3109 556 3206; x_wconf 86' lang='lat' dir='ltr'>tionis</span> <span class='ocrx_word' id='word_1_96' title='bbox 576 3110 759 3198; x_wconf 86' lang='lat' dir='ltr'>neutrius,</span> <span class='ocrx_word' id='word_1_97' title='bbox 798 3110 947 3200; x_wconf 90' lang='lat' dir='ltr'>saporis</span> <span class='ocrx_word' id='word_1_98' title='bbox 966 3110 1099 3183; x_wconf 89' lang='lat' dir='ltr'>leniter</span> <span class='ocrx_word' id='word_1_99' title='bbox 1117 3109 1395 3202; x_wconf 66' lang='lat' dir='ltr'>adstringentis</span> <span class='ocrx_word' id='word_1_100' title='bbox 1431 3111 1508 3203; x_wconf 83' lang='lat' dir='ltr'>qui,</span> <span class='ocrx_word' id='word_1_101' title='bbox 1542 3117 1647 3204; x_wconf 80' lang='lat' dir='ltr'>gutta</span> 
     </span>
     <span class='ocr_line' id='line_1_19' title="bbox 445 3236 1648 3329; baseline 0.002 -19"><span class='ocrx_word' id='word_1_102' title='bbox 445 3236 539 3310; x_wconf 88' lang='lat' dir='ltr'>acidi</span> <span class='ocrx_word' id='word_1_103' title='bbox 581 3236 749 3310; x_wconf 86' lang='lat' dir='ltr'>suliurici</span> <span class='ocrx_word' id='word_1_104' title='bbox 791 3236 896 3310; x_wconf 89' lang='lat' dir='ltr'>diluti</span> <span class='ocrx_word' id='word_1_105' title='bbox 947 3236 1093 3310; x_wconf 88' lang='lat' dir='ltr'>adiecta</span> <span class='ocrx_word' id='word_1_106' title='bbox 1147 3236 1326 3310; x_wconf 88' lang='lat' dir='ltr'>continuo</span> <span class='ocrx_word' id='word_1_107' title='bbox 1368 3237 1408 3309; x_wconf 90' lang='lat' dir='ltr'>in</span> <span class='ocrx_word' id='word_1_108' title='bbox 1446 3239 1648 3329; x_wconf 71' lang='lat' dir='ltr'>palatinam</span> 
     </span>
    </p>
   </div>
   <div class='ocr_carea' id='block_1_7' title="bbox 442 3362 1645 4094">
    <p class='ocr_par' dir='ltr' id='par_1_10' title="bbox 443 3362 1645 3564">
     <span class='ocr_line' id='line_1_20' title="bbox 444 3362 1645 3460; baseline 0.002 -23"><span class='ocrx_word' id='word_1_109' title='bbox 444 3364 556 3437; x_wconf 89' lang='lat' dir='ltr'>abeat</span> <span class='ocrx_word' id='word_1_110' title='bbox 591 3365 691 3437; x_wconf 85' lang='lat' dir='ltr'>ferro</span> <span class='ocrx_word' id='word_1_111' title='bbox 730 3364 1018 3457; x_wconf 82' lang='lat' dir='ltr'>hydroorydato</span> <span class='ocrx_word' id='word_1_112' title='bbox 1058 3364 1307 3437; x_wconf 86' lang='lat' dir='ltr'>efformatam.</span> <span class='ocrx_word' id='word_1_113' title='bbox 1340 3362 1498 3438; x_wconf 91' lang='lat' dir='ltr'>Pondus</span> <span class='ocrx_word' id='word_1_114' title='bbox 1526 3366 1645 3460; x_wconf 90' lang='lat' dir='ltr'>speci·</span> 
     </span>
     <span class='ocr_line' id='line_1_21' title="bbox 443 3491 949 3564; baseline 0 0"><span class='ocrx_word' id='word_1_115' title='bbox 443 3491 558 3564; x_wconf 84' lang='lat' dir='ltr'>ticum</span> <span class='ocrx_word' id='word_1_116' title='bbox 578 3491 627 3564; x_wconf 92' lang='lat' dir='ltr'>sit</span> <span class='ocrx_word' id='word_1_117' title='bbox 649 3491 949 3564; x_wconf 79' lang='lat'><strong>1·037-1·040.</strong></span> 
     </span>
    </p>

    <p class='ocr_par' dir='ltr' id='par_1_11' title="bbox 442 3617 1645 4094">
     <span class='ocr_line' id='line_1_22' title="bbox 552 3617 1645 3714; baseline 0.003 -22"><span class='ocrx_word' id='word_1_118' title='bbox 552 3618 780 3692; x_wconf 89' lang='lat' dir='ltr'>Centimetra</span> <span class='ocrx_word' id='word_1_119' title='bbox 813 3617 946 3691; x_wconf 88' lang='lat' dir='ltr'>cubica</span> <span class='ocrx_word' id='word_1_120' title='bbox 971 3617 994 3691; x_wconf 80' lang='lat'>5</span> <span class='ocrx_word' id='word_1_121' title='bbox 1025 3617 1139 3690; x_wconf 89' lang='lat' dir='ltr'>huius</span> <span class='ocrx_word' id='word_1_122' title='bbox 1158 3617 1371 3712; x_wconf 87' lang='lat' dir='ltr'>praeparati</span> <span class='ocrx_word' id='word_1_123' title='bbox 1390 3640 1477 3692; x_wconf 87' lang='lat' dir='ltr'>cum</span> <span class='ocrx_word' id='word_1_124' title='bbox 1496 3621 1645 3714; x_wconf 87' lang='lat' dir='ltr'>aequali</span> 
     </span>
     <span class='ocr_line' id='line_1_23' title="bbox 442 3744 1644 3834; baseline 0.002 -14"><span class='ocrx_word' id='word_1_125' title='bbox 442 3747 633 3821; x_wconf 87' lang='lat' dir='ltr'>volumine</span> <span class='ocrx_word' id='word_1_126' title='bbox 668 3745 763 3818; x_wconf 89' lang='lat' dir='ltr'>acidi</span> <span class='ocrx_word' id='word_1_127' title='bbox 801 3744 921 3817; x_wconf 87' lang='lat' dir='ltr'>uitrici</span> <span class='ocrx_word' id='word_1_128' title='bbox 960 3744 1065 3818; x_wconf 89' lang='lat' dir='ltr'>diluti</span> <span class='ocrx_word' id='word_1_129' title='bbox 1103 3746 1292 3834; x_wconf 83' lang='lat' dir='ltr'>calefacta,</span> <span class='ocrx_word' id='word_1_130' title='bbox 1342 3745 1464 3820; x_wconf 86' lang='lat' dir='ltr'>donec</span> <span class='ocrx_word' id='word_1_131' title='bbox 1505 3748 1644 3821; x_wconf 88' lang='lat' dir='ltr'>solutio</span> 
     </span>
     <span class='ocr_line' id='line_1_24' title="bbox 442 3871 1644 3967; baseline 0.002 -21"><span class='ocrx_word' id='word_1_132' title='bbox 442 3873 597 3967; x_wconf 91' lang='lat' dir='ltr'>limpida</span> <span class='ocrx_word' id='word_1_133' title='bbox 628 3872 800 3946; x_wconf 85' lang='lat' dir='ltr'>subflava</span> <span class='ocrx_word' id='word_1_134' title='bbox 833 3871 1004 3961; x_wconf 85' lang='lat' dir='ltr'>evaserit,</span> <span class='ocrx_word' id='word_1_135' title='bbox 1040 3872 1267 3945; x_wconf 86' lang='lat' dir='ltr'>centimetris</span> <span class='ocrx_word' id='word_1_136' title='bbox 1297 3873 1437 3945; x_wconf 87' lang='lat' dir='ltr'>cubicis</span> <span class='ocrx_word' id='word_1_137' title='bbox 1463 3874 1523 3949; x_wconf 83' lang='lat'>3·5</span> <span class='ocrx_word' id='word_1_138' title='bbox 1543 3877 1644 3948; x_wconf 91' lang='lat' dir='ltr'>solu·</span> 
     </span>
     <span class='ocr_line' id='line_1_25' title="bbox 442 3997 1643 4094; baseline 0.001 -20"><span class='ocrx_word' id='word_1_139' title='bbox 442 4000 554 4075; x_wconf 88' lang='lat' dir='ltr'>tionis</span> <span class='ocrx_word' id='word_1_140' title='bbox 585 3999 729 4092; x_wconf 82' lang='lat' dir='ltr'>argenti</span> <span class='ocrx_word' id='word_1_141' title='bbox 756 3997 877 4071; x_wconf 89' lang='lat' dir='ltr'>uitrici</span> <span class='ocrx_word' id='word_1_142' title='bbox 904 3999 1139 4072; x_wconf 83' lang='lat' dir='ltr'>volumetrici</span> <span class='ocrx_word' id='word_1_143' title='bbox 1163 3999 1297 4071; x_wconf 88' lang='lat' dir='ltr'>additis</span> <span class='ocrx_word' id='word_1_144' title='bbox 1331 4000 1516 4092; x_wconf 83' lang='lat' dir='ltr'>liquorem</span> <span class='ocrx_word' id='word_1_145' title='bbox 1535 4022 1643 4094; x_wconf 89' lang='lat' dir='ltr'>prae·</span> 
     </span>
    </p>
   </div>
   <div class='ocr_carea' id='block_1_8' title="bbox 200 4125 1643 4229">
    <p class='ocr_par' dir='ltr' id='par_1_12' title="bbox 200 4125 1643 4229">
     <span class='ocr_line' id='line_1_26' title="bbox 200 4125 1643 4229; baseline 0.002 -29"><span class='ocrx_word' id='word_1_146' title='bbox 200 4193 203 4200; x_wconf 89' lang='lat'>.</span> <span class='ocrx_word' id='word_1_147' title='bbox 292 4176 294 4178; x_wconf 52' lang='lat'><strong>&gt;</strong></span> <span class='ocrx_word' id='word_1_148' title='bbox 443 4128 567 4216; x_wconf 86' lang='lat' dir='ltr'>beant,</span> <span class='ocrx_word' id='word_1_149' title='bbox 591 4126 656 4219; x_wconf 93' lang='lat' dir='ltr'>qui</span> <span class='ocrx_word' id='word_1_150' title='bbox 673 4126 835 4197; x_wconf 88' lang='lat' dir='ltr'>filtratus</span> <span class='ocrx_word' id='word_1_151' title='bbox 856 4125 969 4216; x_wconf 78' lang='lat' dir='ltr'>guttis</span> <span class='ocrx_word' id='word_1_152' title='bbox 990 4125 1133 4218; x_wconf 84' lang='lat' dir='ltr'>aliquot</span> <span class='ocrx_word' id='word_1_153' title='bbox 1151 4126 1349 4229; x_wconf 82' lang='lat' dir='ltr'>solutionis</span> <span class='ocrx_word' id='word_1_154' title='bbox 1365 4128 1509 4219; x_wconf 81' lang='lat' dir='ltr'>argenti</span> <span class='ocrx_word' id='word_1_155' title='bbox 1522 4129 1643 4202; x_wconf 83' lang='lat' dir='ltr'>uitrici</span> 
     </span>
    </p>
   </div>
   <div class='ocr_carea' id='block_1_9' title="bbox 442 4252 1642 4726">
    <p class='ocr_par' dir='ltr' id='par_1_13' title="bbox 443 4252 1066 4345">
     <span class='ocr_line' id='line_1_27' title="bbox 443 4252 1066 4345; baseline -0.003 -17"><span class='ocrx_word' id='word_1_156' title='bbox 443 4256 578 4328; x_wconf 89' lang='lat' dir='ltr'>additis</span> <span class='ocrx_word' id='word_1_157' title='bbox 597 4275 677 4327; x_wconf 91' lang='lat' dir='ltr'>non</span> <span class='ocrx_word' id='word_1_158' title='bbox 702 4252 864 4345; x_wconf 91' lang='lat' dir='ltr'>amplius</span> <span class='ocrx_word' id='word_1_159' title='bbox 884 4253 1066 4326; x_wconf 90' lang='lat' dir='ltr'>turbetur.</span> 
     </span>
    </p>

    <p class='ocr_par' dir='ltr' id='par_1_14' title="bbox 442 4379 1642 4726">
     <span class='ocr_line' id='line_1_28' title="bbox 552 4379 1642 4474; baseline 0.003 -19"><span class='ocrx_word' id='word_1_160' title='bbox 552 4380 780 4455; x_wconf 88' lang='lat' dir='ltr'>Centimetra</span> <span class='ocrx_word' id='word_1_161' title='bbox 804 4379 937 4452; x_wconf 88' lang='lat' dir='ltr'>cubica</span> <span class='ocrx_word' id='word_1_162' title='bbox 957 4380 980 4452; x_wconf 71' lang='lat' dir='ltr'>b</span> <span class='ocrx_word' id='word_1_163' title='bbox 1006 4380 1217 4474; x_wconf 86' lang='lat' dir='ltr'>praeparati</span> <span class='ocrx_word' id='word_1_164' title='bbox 1242 4381 1394 4455; x_wconf 88' lang='lat' dir='ltr'>adiectis</span> <span class='ocrx_word' id='word_1_165' title='bbox 1415 4383 1642 4457; x_wconf 87' lang='lat' dir='ltr'>centimetris</span> 
     </span>
     <span class='ocr_line' id='line_1_29' title="bbox 442 4506 1642 4585; baseline 0.001 -2"><span class='ocrx_word' id='word_1_166' title='bbox 442 4510 582 4583; x_wconf 86' lang='lat' dir='ltr'>cubicis</span> <span class='ocrx_word' id='word_1_167' title='bbox 609 4509 631 4581; x_wconf 88' lang='lat'><strong>3</strong></span> <span class='ocrx_word' id='word_1_168' title='bbox 661 4506 859 4580; x_wconf 89' lang='lat' dir='ltr'>solutionis</span> <span class='ocrx_word' id='word_1_169' title='bbox 884 4508 1010 4581; x_wconf 87' lang='lat' dir='ltr'>stanni</span> <span class='ocrx_word' id='word_1_170' title='bbox 1034 4509 1190 4581; x_wconf 89' lang='lat' dir='ltr'>chlorati</span> <span class='ocrx_word' id='word_1_171' title='bbox 1208 4509 1305 4585; x_wconf 90' lang='lat' dir='ltr'>inter</span> <span class='ocrx_word' id='word_1_172' title='bbox 1322 4510 1458 4582; x_wconf 86' lang='lat' dir='ltr'>horam</span> <span class='ocrx_word' id='word_1_173' title='bbox 1476 4510 1642 4584; x_wconf 87' lang='lat' dir='ltr'>colorem</span> 
     </span>
     <span class='ocr_line' id='line_1_30' title="bbox 443 4632 982 4726; baseline -0.002 -16"><span class='ocrx_word' id='word_1_174' title='bbox 443 4635 701 4710; x_wconf 87' lang='lat' dir='ltr'>obscuriorem</span> <span class='ocrx_word' id='word_1_175' title='bbox 720 4655 768 4706; x_wconf 89' lang='lat' dir='ltr'>ne</span> <span class='ocrx_word' id='word_1_176' title='bbox 789 4632 982 4726; x_wconf 87' lang='lat' dir='ltr'>accipiant.</span> 
     </span>
    </p>
   </div>
   <div class='ocr_carea' id='block_1_10' title="bbox 0 0 1868 5400">
    <p class='ocr_par' dir='ltr' id='par_1_15' title="bbox 0 0 1868 5400">
     <span class='ocr_line' id='line_1_31' title="bbox 0 0 1868 5400; baseline 0 1"><span class='ocrx_word' id='word_1_177' title='bbox 0 0 1868 5400; x_wconf 95' lang='lat' dir='ltr'> </span> 
     </span>
    </p>
   </div>
  </div>
 </body>
</html>
