3725 5400
920 476 1157 547 -178-

549 692 651 765 Marx
670 692 881 777 difficittime
900 694 939 766 in
952 693 1145 786 pulverem
1161 694 1335 767 subtilem
1349 694 1553 787 redigenda
1566 703 1634 771 est.

438 820 497 893 Ad
525 819 598 893 hoc
623 820 860 893 efficiendum
879 821 1034 909 fructus
1064 822 1311 895 aseminibus
1330 822 1474 896 liberati
1498 824 1636 898 concisi

437 947 659 1039 mucilagine
675 948 816 1040 gummi
830 947 988 1022 Aeaciae
1010 954 1075 1021 aut
1085 948 1366 1041 Tragacanthae
1382 936 1633 1039 conterantur,

436 1084 517 1150 tum
537 1076 723 1149 siccentur
742 1081 778 1148 et
799 1076 1051 1169 pulverentur.

551 1204 625 1276 100
650 1208 777 1295 partes
806 1203 966 1276 Fructus
997 1199 1279 1296 Colocynthidis
1307 1226 1355 1278 ne
1374 1206 1500 1278 minus
1521 1227 1636 1298 quam

438 1337 563 1424 partes
586 1332 636 1404 30
657 1330 811 1404 extracti
830 1331 1020 1423 spirituosi
1037 1332 1251 1423 praebeant.
1285 1331 1427 1406 Eadem
1446 1334 1635 1426 quantitas

437 1459 634 1532 combusta
653 1480 700 1532 ne
720 1459 806 1551 plus
827 1479 942 1550 quam
960 1464 1087 1550 partes
1109 1461 1129 1532 7
1153 1460 1286 1532 cineris
1305 1460 1499 1553 relinquat

763 1801 993 1935 Fructus
1024 1800 1316 1935 donandri.

548 2038 784 2111 Coriondrum
823 2041 975 2112 satiram
1017 2041 1071 2128 L„
1119 2041 1248 2134 planta
1291 2062 1418 2114 annua
1460 2041 1633 2135 Europae

437 2167 624 2255 australis
646 2168 746 2261 apud
765 2189 837 2241 nos
857 2168 967 2240 culta.

546 2294 805 2387 Schizocarpia
830 2294 940 2387 plane
965 2300 1111 2367 matura
1135 2295 1283 2383 siccata,
1313 2294 1479 2386 globosa
1509 2294 1633 2387 calyce

437 2422 755 2514 quinquedentato
776 2425 965 2508 coronata,
995 2421 1096 2493 intus
1116 2442 1218 2509 cava,
1240 2420 1345 2515 4÷s
1367 2420 1577 2494 mitlimetra
1595 2422 1633 2494 in

436 2549 627 2635 diametro,
653 2549 878 2621 ochroteuca
904 2547 965 2620 rel
991 2548 1252 2636 fuscescentia,
1281 2547 1412 2636 laevia,
1435 2547 1574 2640 glabra,
1594 2550 1632 2621 in

436 2676 578 2750 ambitu
606 2676 653 2750 10
680 2676 795 2749 costis
819 2675 1003 2769 primariis
1029 2674 1217 2769 depressis
1246 2675 1425 2748 flexuosis
1459 2679 1496 2749 et
1518 2676 1632 2749 tantis

435 2805 549 2878 costis
583 2804 814 2898 secundariis
842 2804 1139 2896 prominentibus
1184 2804 1369 2891 carinatis
1405 2803 1504 2876 vittis
1534 2803 1630 2876 inter
1674 2812 1676 2817 '

435 2938 561 3005 costas
599 2931 721 3022 nuttiS,
770 2931 808 3004 in
850 2930 1099 3003 commissura
1141 2929 1308 3021 geminis
1355 2930 1482 3003 odoris
1526 2938 1628 3026 grate

435 3060 637 3148 aromatici,
658 3059 805 3152 saporis
826 3058 1119 3145 condimentarii,
1139 3057 1343 3131 subdulcis.

547 3187 622 3259 100
641 3191 766 3279 partes
785 3184 920 3257 mercis
941 3206 987 3256 ne
1007 3184 1132 3257 minus
1152 3206 1267 3277 quam
1285 3190 1411 3276 partes
1433 3185 1455 3256 8
1477 3185 1630 3258 extracti

434 3315 568 3406 aquosi
586 3313 800 3406 praebeant
818 3310 960 3384 Eadem
980 3311 1168 3403 quantitas
1187 3313 1321 3384 mercis
1340 3333 1388 3385 ne
1408 3311 1494 3404 plus
1514 3332 1627 3404 quarn

432 3445 558 3534 partes
581 3442 601 3513 7
623 3441 756 3513 emeris
775 3440 971 3532 relinquat.

766 3766 995 3899 Fructus
1035 3762 1296 3898 tutatae.

540 4006 650 4101 Piper
677 4003 812 4079 Codeta
836 4005 873 4077 L.
897 4004 958 4094 tit,
982 4005 1104 4077 frutex
1124 4004 1311 4076 scandens
1331 4003 1369 4074 in
1388 4003 1520 4076 insutis
1539 4003 1628 4076 lava

430 4142 464 4206 et
486 4135 659 4207 Sumatra
679 4137 911 4226 spontaneus
932 4136 968 4205 et
987 4132 1119 4204 cultus.

537 4262 685 4353 Drupae
706 4261 948 4333 submaturae
968 4260 1127 4331 siccatae
1148 4258 1401 4349 subgiobosae
1428 4257 1626 4350 subapicu·

429 4391 537 4476 tatae,
559 4389 664 4460 4-5
684 4388 895 4460 mittimetra
913 4387 951 4459 in
971 4387 1163 4474 diametro,
1185 4384 1266 4458 basi
1286 4388 1478 4457 attenuata
1496 4385 1626 4477 stipiti·

428 4517 550 4604 sormi,
570 4537 692 4607 usque
714 4515 761 4588 ad
782 4515 1041 4587 centimetrum
1059 4513 1184 4605 longa,
1209 4533 1509 4605 monospermae,
1531 4513 1625 4604 pen'·

428 4645 552 4737 carpio
572 4642 683 4731 tenui,
703 4643 833 4733 fragili,
855 4647 962 4714 extus
984 4662 1113 4733 grosse
1131 4641 1492 4730 reticulato-rugoso
1517 4660 1536 4710 e
1557 4639 1625 4730 gri·
