3725 5400
892 410 1133 484 -lna-

413 628 476 701 nio
497 628 640 701 oxalico
660 635 726 701 aut
744 628 864 701 natrio
884 628 1139 721 phosphorico
1160 631 1342 719 turbetur;
1360 654 1460 724 aqua
1473 633 1608 724 hydro·

411 756 594 830 sulfurata
613 756 864 829 sedimentum
883 778 976 849 pure
996 756 1124 830 album
1143 759 1239 832 edat
1354 871 1356 874 γ

519 884 684 958 Miscella
712 906 732 958 e
762 889 967 976 grammate
997 885 1099 958 Zinci
1133 886 1284 978 orydati
1311 892 1348 961 et
1385 886 1610 961 centimetris

412 1011 553 1086 cubicis
593 1013 615 1084 3
654 1011 852 1087 solutionis
894 1013 1020 1086 stanni
1062 1014 1217 1088 chlorab'
1258 1014 1355 1088 intra
1392 1015 1525 1089 horam
1562 1036 1610 1089 ne

410 1141 609 1214 luscescat.

522 1266 773 1342 Grammataa
786 1266 889 1341 Zinci
903 1269 1054 1361 oxydati
1065 1291 1150 1342 cum
1162 1269 1387 1344 centimetris
1403 1269 1543 1343 cubicis
1560 1271 1610 1343 20

415 1415 536 1488 aquae
557 1400 737 1487 quassata
755 1394 939 1488 liquorem
958 1397 1173 1489 praebeant,
1204 1397 1270 1495 qui
1292 1397 1451 1470 filtratus
1472 1401 1509 1470 et
1527 1418 1610 1471 eva-

413 1526 568 1614 poratus
588 1521 782 1597 residuum
801 1522 1043 1617 ponderabile
1062 1545 1110 1598 ne
1129 1524 1325 1618 relinquat

444 1847 789 1959 Ztncum
826 1849 1580 1988 aulfocarboltcum

524 2049 692 2144 Crystalli
728 2051 1021 2126 tabulaeformes
1069 2053 1273 2145 decolores,
1310 2054 1349 2127 in
1388 2062 1473 2128 aere
1512 2055 1612 2129 satis·

416 2184 553 2268 centes,
582 2179 620 2252 in
639 2180 808 2273 partibus
831 2180 853 2252 b
875 2201 1006 2274 aquae,
1034 2180 1073 2253 in
1091 2180 1260 2274 partibus
1280 2182 1345 2255 ab
1366 2182 1519 2275 spiritus
1538 2181 1614 2255 vini

415 2306 604 2381 solubiles.

525 2433 668 2507 Solutio
698 2456 844 2528 aquosa
869 2437 1043 2528 (1:10),
1086 2435 1284 2510 reactionis
1321 2435 1453 2510 leniter
1485 2437 1613 2510 acidae

418 2560 544 2634 addito
577 2562 675 2634 ferro
714 2563 1012 2655 sesquichlorato
1046 2564 1170 2637 soluto
1209 2564 1374 2637 colorem
1406 2564 1613 2639 violaceum

418 2687 548 2779 induit,
562 2688 687 2763 addito
699 2690 889 2764 ammonio
901 2691 1084 2764 sulfurato
1095 2690 1379 2786 praecipitatum
1389 2691 1517 2766 album
1528 2691 1612 2766 edit.

526 2816 679 2906 Eadem,
720 2817 828 2891 acido
866 2818 1152 2913 hydrochlorico
1187 2819 1373 2893 aeidulata
1408 2842 1479 2893 nec
1517 2841 1616 2913 aqua

417 2945 733 3037 hydrosulfiarata,
780 2967 851 3019 nec
899 2946 1007 3019 acido
1054 2946 1231 3019 sulfurico
1279 2933 1459 3035 turbetur,
1499 2947 1615 3040 baryo

417 3072 549 3146 nitrico
570 3073 617 3145 ad
638 3094 830 3146 summum
850 3074 1054 3168 opalescat;
1085 3074 1212 3147 addita
1231 3075 1421 3148 ammonia
1439 3075 1615 3169 praeeipi-

417 3205 537 3274 tatum
557 3201 694 3292 album,
709 3201 748 3273 in
763 3202 964 3275 excedente
985 3203 1175 3276 ammonia
1185 3202 1342 3276 solubile
1358 3202 1458 3289 edat;
1478 3203 1615 3277 solutio

419 3327 573 3401 obtenta
600 3348 670 3400 nec
699 3328 888 3401 ammonio
919 3329 1062 3402 oxabco
1091 3329 1271 3418 turbetur,
1301 3351 1371 3402 nec
1391 3330 1503 3421 guttis
1523 3351 1624 3435 non-v

420 3454 531 3527 nullis
552 3475 672 3546 aquae
692 3454 1020 3547 hydrosulfuratae
1039 3456 1236 3530 discescat

529 3581 671 3654 Salutio
705 3574 921 3674 grammatis
955 3584 1058 3656 Zinci
1095 3585 1370 3658 sullocarbolici
1409 3585 1615 3659 sufficiente

420 3709 625 3802 quantitate
655 3710 833 3782 ammonii
862 3710 1032 3784 sulfurati
1055 3712 1297 3806 praecipitata
1320 3716 1357 3786 et
1375 3713 1461 3786 dein
1480 3712 1617 3786 filtrata

420 3837 661 3931 evaporando
695 3837 891 3911 residuum
915 3838 1043 3912 album
1080 3840 1276 3933 relinquat,
1319 3841 1421 3933 quod
1458 3840 1616 3932 ignitum

420 3965 530 4058 plane
550 3965 724 4057 aubrgiat

530 4091 709 4166 Gramma
722 4092 826 4166 Zinci
845 4093 1121 4168 suliocarbolici
1139 4094 1297 4187 ignitum
1316 4094 1617 4187 milligrammata

424 4218 496 4293 151
520 4217 615 4293 zinci
634 4218 784 4314 oxydati
801 4220 998 4315 relinquat.
