3725 5400
756 468 997 540 -361-

767 682 981 857 Syrnpi.

384 939 445 1014 Ad
477 964 639 1037 syrupos
680 943 937 1018 conficiendos
976 942 1202 1016 saccharum
1240 941 1475 1016 albissimum

279 1090 411 1161 grosse
439 1070 684 1164 pulveratum,
712 1070 786 1144 nisi
814 1070 919 1143 aliter
948 1069 1170 1159 decernitur,
1197 1068 1237 1143 in
1270 1069 1475 1163 quantitate

275 1196 506 1290 praescripta
532 1196 688 1291 liquoris
716 1196 1028 1272 medicamentosi
1055 1196 1180 1270 filtrati
1207 1196 1320 1270 unica
1343 1195 1471 1270 ebulli-

274 1323 375 1397 tione
404 1323 570 1398 solritur.
606 1324 798 1399 Interdum
828 1324 964 1399 solutio
996 1322 1167 1398 sacchari
1195 1322 1353 1397 efficitur
1380 1329 1472 1397 tem·

202 1500 206 1507 ‚
274 1456 453 1545 peratura
467 1450 656 1526 ordinaria
670 1458 736 1526 aut
749 1458 1002 1547 temperatura
1015 1449 1141 1525 balnei
1155 1472 1286 1544 aquae.
1303 1451 1473 1545 Syrupus

276 1600 320 1652 eo
340 1578 455 1652 modo
476 1586 610 1653 enatus
630 1581 775 1654 colatur
795 1586 861 1653 aut
878 1580 1048 1653 filtratur.

384 1704 519 1799 Syrupi
547 1710 744 1780 serventur
771 1707 810 1779 in
838 1706 981 1798 lagenis
1010 1705 1148 1800 parviS,
1180 1712 1367 1805 quantum
1393 1706 1474 1780 fieri

274 1838 401 1926 potest
411 1831 657 1923 sterilefactiS,
671 1834 809 1929 optime
821 1833 1004 1908 obturatis
1014 1834 1053 1906 in
1062 1834 1145 1908 loco
1157 1833 1290 1926 frigido
1307 1838 1345 1908 et
1358 1833 1472 1907 sicce.

384 1958 531 2054 Syrupi,
563 1967 737 2055 exempto
767 1981 908 2056 syrupo
939 1960 1178 2055 amygdalino
1216 1961 1292 2034 sint
1317 1960 1472 2054 limpidi,

275 2088 423 2183 saporis
443 2087 650 2161 dulcissimi
667 2110 746 2162 una
766 2110 853 2163 cum
872 2109 1008 2181 sapore
1028 2086 1287 2162 medicaminis
1307 2087 1472 2177 adhibiti,

274 2214 454 2308 ponderis
474 2213 640 2308 specifici
663 2215 912 2289 rao-tas.

383 2342 530 2432 Quodsi
549 2347 757 2435 grammata
777 2342 829 2416 10
850 2343 998 2436 Syrum,
1023 2343 1062 2415 in
1091 2342 1239 2436 aequali
1268 2342 1473 2436 quantitate

274 2492 395 2563 aquae
415 2471 541 2544 soluta
555 2475 592 2543 et
607 2491 693 2545 cum
708 2470 815 2543 acido
830 2469 1087 2564 phosphorico
1107 2471 1294 2545 acidulata
1323 2469 1473 2544 duobus

273 2596 417 2672 vicibus
454 2618 541 2671 cum
569 2595 795 2670 centimetn's
829 2596 969 2670 cubicis
1001 2597 1052 2670 10
1086 2596 1248 2671 aetheris
1268 2617 1472 2690 exquassa-

272 2725 383 2815 veriS,
404 2725 599 2800 residuum
613 2724 812 2799 solutionis
832 2725 1031 2799 aethereae
1052 2730 1276 2822 evaporatae
1304 2724 1345 2798 in
1358 2725 1470 2798 centi-

272 2853 401 2927 metris
431 2851 571 2928 cubicis
604 2854 653 2926 10
681 2873 803 2946 aquae
832 2852 996 2927 fervidae
1023 2854 1189 2928 solutum
1215 2873 1263 2926 ne
1297 2851 1471 2926 exhibeat

273 2999 450 3072 saporem
469 2977 618 3053 dulcem
643 2999 768 3076 neque
788 2978 935 3053 adiecta
954 2984 1059 3073 gutta
1076 2980 1164 3054 ferri
1183 2978 1470 3074 sesquichlorati

272 3086 386 3179 soluti
405 3106 570 3180 colorem
587 3105 807 3179 violaceum.

588 3462 830 3636 Syrupus
865 3464 1146 3603 llltlacac.

270 3685 345 3779 Rp:
379 3687 513 3759 Radlcls
532 3687 695 3759 Althaeae
715 3706 817 3779 aqua
836 3687 1010 3769 elutaed)
1197 3694 1322 3784 parles
1442 3691 1467 3762 4

377 3815 490 3902 Aquae
1195 3819 1320 3910 parter
1404 3816 1466 3889 60.

336 3937 495 4025 Macera,
525 3937 677 4032 saepius
707 3938 883 4030 agitando
907 3960 976 4034 per
999 3939 1204 4025 biborium;
1229 3945 1311 4014 tum
1330 3942 1413 4015 cola
1433 3948 1471 4016 et

267 4065 376 4139 filtra.
407 4064 450 4137 ln
467 4064 593 4138 filtrati
1161 4066 1331 4164 partibus
1418 4071 1467 4143 10

269 4288 274 4295 ·
339 4191 444 4265 solve

378 4320 537 4392 bacchari
1205 4329 1331 4418 partes
1418 4325 1465 4397 16

336 4452 373 4520 et
392 4466 520 4551 coque
533 4445 573 4518 in
592 4466 785 4540 syrupum.

376 4573 430 4647 Sit
449 4570 585 4646 coloris
605 4573 808 4647 straminei.
