3725 5400
899 466 1137 540 -ton-

419 685 629 780 reperiendi
667 690 704 759 et
740 684 904 778 crystalli
946 684 1127 778 plurimae
1171 683 1351 773 stellatae,
1395 684 1617 778 plemmque

420 816 559 907 parvae
579 812 682 888 calcii
701 812 845 887 oxalicl.

534 941 609 1014 100
628 946 754 1033 partes
773 939 909 1013 mercis
928 960 977 1013 ne
996 939 1123 1012 minus
1145 960 1259 1032 quam
1278 942 1405 1031 partes
1421 939 1444 1010 8
1461 937 1614 1012 extracti

420 1069 613 1163 spirituosi
632 1068 841 1142 exhibeant.
871 1065 1015 1140 Eadem
1040 1066 1230 1159 quantitas
1253 1064 1389 1140 mercis
1418 1064 1617 1140 combusta

419 1219 468 1271 ne
491 1197 577 1290 plus
606 1217 721 1289 quam
739 1198 866 1288 partes
894 1196 943 1267 15
964 1193 1099 1267 cineris
1118 1193 1316 1284 relinquat.

637 1498 821 1634 Herba
861 1498 1135 1634 Centauri
1159 1498 1397 1633 minoris.

528 1703 733 1801 Erythraeo
757 1700 983 1776 Centaurium
1002 1701 1211 1791 Persoon,
1244 1701 1374 1796 planta
1401 1701 1547 1776 biennis
1576 1703 1614 1776 in

419 1832 523 1907 silvis
542 1830 731 1905 montanis
750 1830 925 1923 vulgaris.

526 1957 654 2030 Herba
671 1955 803 2029 tlorida
822 1956 962 2030 siccata
982 1977 1028 2029 ex
1041 1962 1120 2030 toto
1151 1956 1280 2049 glabra
1304 1957 1411 2031 caule
1430 1958 1613 2031 subtetra·

418 2106 528 2178 gono,
547 2084 691 2157 interne
707 2082 885 2176 simplice,
905 2103 1068 2176 superne
1084 2082 1300 2156 dichotomo
1316 2082 1413 2156 foliis
1428 2082 1612 2177 oppositis

418 2211 627 2300 sessilibuS,
638 2209 820 2299 oralibus,
833 2210 965 2298 ovatiS,
982 2211 1154 2283 obovatis
1174 2214 1238 2282 aut
1257 2210 1612 2301 ovato-lanceolatiS,

416 2337 677 2430 integerrimis
697 2336 759 2409 tri-
775 2340 841 2410 aut
859 2335 1173 2429 quinqueremis,
1188 2336 1284 2409 laete
1303 2334 1495 2426 viridibus,
1514 2336 1611 2410 radi·

418 2465 562 2538 calibus
582 2464 621 2538 in
650 2464 779 2537 orbern
809 2463 1013 2558 dispositis,
1046 2463 1203 2537 tloribus
1231 2463 1464 2556 regularibus
1483 2469 1612 2557 penta·

416 2593 531 2666 meris
565 2592 604 2665 in
633 2591 752 2683 cymis
788 2590 1017 2664 fasciculatis
1036 2591 1296 2664 terminalibus
1317 2592 1457 2664 corolla
1468 2590 1614 2665 rubella

415 2719 762 2809 infundibuliformi,
780 2718 946 2820 antheris
957 2719 1147 2793 defloratis
1161 2720 1248 2813 plus
1259 2718 1385 2792 minus
1396 2718 1610 2813 spiralibus

417 2846 571 2939 Saporis
592 2852 651 2920 est
668 2847 864 2939 peramari.

523 2972 578 3048 Ne
600 2974 648 3047 sit
671 2971 797 3047 Herba
819 2972 965 3047 venalis
990 2973 1112 3046 scissa
1138 2973 1255 3045 mixta
1279 2994 1365 3046 cum
1389 2971 1611 3046 aliisherbis

416 3101 609 3195 speciatim
630 3121 716 3174 cum
735 3101 854 3174 herba
872 3100 1029 3193 Epilobii
1047 3099 1285 3192 angustilolii.

528 3230 603 3303 100
635 3233 764 3321 partes
801 3227 951 3302 Herbae
980 3227 1167 3301 Centauri
1203 3226 1360 3300 minoris
1397 3248 1446 3300 ne
1482 3227 1609 3300 minus

415 3378 530 3449 quam
549 3363 675 3449 partes
696 3355 746 3430 25
768 3355 923 3429 extracti
944 3354 1079 3447 aquosi
1097 3355 1317 3447 praebeant.
1334 3353 1476 3427 Eadem
1491 3374 1609 3446 quan·

413 3483 500 3556 titas
520 3483 661 3557 herbae
680 3504 729 3556 ne
748 3483 833 3575 plus
855 3502 969 3573 quam
989 3485 1115 3574 partes
1136 3482 1161 3553 4
1181 3481 1315 3554 cineris
1334 3482 1530 3573 relinquat

731 3786 913 3922 Herba
942 3786 1281 3958 elenopoli.

526 3989 785 4087 Cienopodium
827 3987 1079 4062 ambrosioides
1120 3990 1173 4078 L,
1221 3990 1350 4084 planta
1391 4011 1527 4080 annua,
1569 3991 1608 4064 in
1653 3999 1655 4004 ⁴

411 4118 586 4192 America
612 4118 756 4210 tropica
783 4117 970 4209 indigena,
1002 4117 1102 4210 apud
1130 4137 1203 4190 nos
1232 4116 1275 4190 in
1302 4118 1424 4191 hortis
1444 4118 1544 4191 culta
1572 4122 1610 4190 et

413 4246 556 4339 passim
575 4246 872 4338 subspontanea.

522 4371 649 4445 Herba
661 4371 795 4445 florida
814 4370 955 4445 siccata
974 4371 1081 4444 caule
1097 4370 1283 4445 herbaceo
1302 4392 1468 4459 ramoso,
1491 4392 1608 4462 angu-

412 4500 663 4589 lato-sulcato,
683 4499 780 4572 foliis
801 4498 966 4589 alternis
995 4498 1268 4591 subpetiolatis,
1288 4497 1473 4590 oblongis
1493 4499 1607 4572 utrin-

413 4645 487 4717 que
502 4624 739 4716 acuminatis,
761 4626 808 4698 ad
833 4627 881 4697 10
897 4626 1116 4699 centimetra
1130 4627 1263 4719 longis
1279 4630 1422 4700 remote
1442 4626 1607 4699 sinuato·
