3725 5400
935 500 979 511 ..„
1018 464 1041 531 g

539 679 668 753 Mixtio
689 701 735 753 ex
753 680 977 775 aequalibus
996 681 1164 772 partibus
1174 680 1280 756 Aridi
1296 681 1466 755 benzoici
1484 688 1522 755 01
1540 682 1626 756 trabi

432 806 762 901 hypermanganici
790 828 876 881 curn
899 808 1071 901 partibus
1102 809 1151 881 10
1185 829 1305 901 aquae
1324 808 1365 881 10
1382 809 1476 883 tubo
1493 810 1625 901 proba·

430 935 527 1009 torio
554 935 638 1007 laxe
658 935 789 1008 clauso
807 957 875 1028 per
894 935 1038 1029 aliquot
1059 935 1241 1029 temporis
1259 935 1393 1010 leniter
1410 937 1623 1025 fervefacta,

432 1062 521 1136 dein
561 1062 778 1155 refrigerata
814 1063 945 1137 tubulo
979 1069 1108 1157 aperto
1147 1063 1301 1137 odorem
1338 1063 1411 1137 olei
1448 1064 1626 1156 amygda-

431 1191 554 1264 larum
573 1210 788 1263 amararum
807 1190 972 1264 aetherei
990 1211 1038 1263 ne
1060 1190 1204 1265 excitet

538 1316 799 1408 Decigrarnma
848 1319 864 1389 1
912 1317 1017 1390 Aridi
1063 1318 1230 1393 benzoici
1276 1338 1362 1391 cum
1409 1317 1625 1391 centimetro

433 1444 563 1517 cubico
601 1446 618 1516 1
656 1445 869 1518 ammoniae
901 1445 1103 1519 mixtuuam
1140 1450 1277 1518 flavam
1313 1445 1373 1518 vel
1406 1445 1626 1518 subfuscam

430 1570 617 1644 turbidam
637 1571 820 1660 exhibeat
836 1594 934 1665 quae
949 1577 987 1645 et
1001 1572 1219 1646 centimetra
1239 1572 1369 1646 cubica
1389 1572 1411 1645 5
1428 1570 1626 1645 solutionis

430 1697 516 1770 kalii
543 1698 874 1791 hypermauganici
907 1700 944 1793 (1
961 1728 1009 1763 =
1026 1698 1143 1794 1000)
1177 1698 1315 1791 elapsis
1348 1699 1374 1773 4
1407 1699 1510 1772 horis
1547 1698 1625 1772 fere

429 1823 542 1917 plane
577 1825 767 1899 decoloret
795 1830 832 1898 et
859 1825 996 1899 additis
1031 1826 1259 1899 centimetris
1297 1826 1438 1900 cubicis
1472 1827 1495 1899 0
1530 1825 1626 1899 acidi

433 1950 602 2025 sulfurici
618 1951 723 2024 diluti
740 1951 901 2025 Aridum
918 1953 1140 2026 benzofcum
1159 1952 1293 2025 iterum
1313 1954 1490 2047 deponat.

539 2078 837 2170 Decigrammata
857 2080 879 2151 0
900 2078 1007 2152 Aridi
1026 2079 1193 2153 benzoici
1212 2101 1299 2152 curn
1318 2079 1580 2172 decigrammis
1601 2081 1624 2153 3

431 2205 538 2279 001011
567 2206 754 2280 0011100101
782 2206 908 2296 mixta,
936 2205 1066 2279 addita
1092 2227 1216 2298 pauca
1243 2227 1343 2299 aqua
1376 2207 1560 2280 exsiccata
1590 2210 1626 2278 01

433 2333 650 2406 candefacta
676 2333 870 2407 residuum
896 2333 1121 2430 relinquant,
1157 2334 1259 2426 quod
1291 2334 1331 2406 in
1359 2335 1466 2407 acido
1494 2334 1625 2408 uitrico

433 2460 612 2550 soluturn,
649 2460 785 2533 additis
813 2460 1039 2533 centimetris
1067 2460 1207 2533 cubicis
1241 2461 1290 2534 10
1319 2482 1450 2553 aquae,
1481 2461 1626 2534 adiecta
1660 2454 1665 2463 ’

433 2586 618 2661 solutione
645 2587 790 2680 argenti
818 2587 937 2660 uitrici
960 2587 1098 2681 elapsis
1120 2589 1142 2661 5
1162 2588 1316 2661 minutis
1335 2609 1383 2660 ne
1402 2587 1489 2681 plus
1510 2609 1624 2681 quam

431 2714 688 2808 opalescenter
705 2716 887 2790 turbetur.

774 3077 999 3213 Acidnn
1029 3076 1282 3211 horicum.

541 3348 713 3443 Crystalli
730 3372 972 3446 squamosas,
987 3352 1128 3426 coloris
1157 3356 1345 3444 expertes,
1384 3350 1517 3424 nitoris
1546 3350 1624 3423 lan·

432 3476 545 3569 guidi,
563 3482 666 3550 tactu
684 3478 856 3570 pingues,
876 3500 974 3571 quae
992 3479 1267 3552 fervefaciendo
1287 3477 1395 3551 valde
1414 3482 1627 3551 tumescunt

431 3602 536 3677 etin
568 3626 738 3677 massam
770 3612 858 3698 post
874 3606 1194 3698 refrigerationem
1218 3606 1372 3679 vitream
1400 3604 1624 3697 liquescunt,

430 3731 471 3803 in
495 3732 666 3824 partibus
688 3731 738 3805 05
759 3754 879 3825 aquae
898 3733 1052 3825 frigidae
1078 3733 1190 3824 lente,
1219 3733 1326 3806 citius
1355 3730 1394 3804 in
1411 3731 1580 3825 partibus
1602 3732 1625 3804 3

431 3880 553 3951 aquae
580 3859 745 3932 fervidae
774 3865 811 3933 et
838 3861 878 3933 in
905 3860 1076 3952 partibus
1100 3861 1148 3933 15
1178 3860 1333 3954 spiritus
1360 3859 1437 3932 viui
1460 3880 1627 3932 necnon

431 3985 471 4058 10
490 3986 676 4078 glycerino
697 3986 903 4060 solvuntur.

542 4113 684 4186 Solutio
717 4134 865 4206 aquosa
883 4114 991 4188 Acidi
1010 4113 1125 4187 horici
1154 4114 1336 4207 (1:50)
1365 4113 1493 4187 addito
1518 4115 1625 4187 acido

431 4238 714 4331 hydrochlorico
735 4241 887 4315 chartae
907 4263 1109 4314 curcumae
1127 4242 1281 4314 siccanti
1296 4240 1461 4314 colorem
1480 4263 1500 4314 0
1518 4241 1626 4315 fusco

430 4367 588 4441 rubrum
615 4368 752 4444 tribuit.
790 4368 858 4442 Hic
887 4369 990 4442 color
1018 4369 1208 4442 ammonia
1235 4369 1273 4441 in
1302 4368 1467 4442 colorem
1493 4368 1625 4442 viride·

430 4493 580 4586 nigrum
621 4495 766 4567 transit.
813 4494 955 4569 Solutio
998 4496 1201 4589 spirituosa
1242 4496 1400 4569 incensa
1435 4497 1626 4570 flammam

433 4620 540 4693 viridi
560 4622 683 4696 colore
702 4622 818 4714 tingit.
