3725 5400
699 482 943 555 -335-

221 723 396 793 nervose,
408 701 710 790 sulcato-striato,
717 700 1255 794 pulverulento-scabriusculo
1266 705 1422 795 propter

223 830 375 905 cellulas
417 849 577 921 magnas
616 827 842 902 solereideas
888 828 997 901 facile
1045 829 1268 903 secedentes
1316 828 1422 903 sirati

222 956 386 1046 extremi,
397 955 601 1048 embryone
612 954 898 1048 cotyledonibus
916 955 940 1028 l
957 955 1104 1048 magnis
1114 956 1420 1050 planoconvexis,

231 1083 338 1175 albis
359 1081 690 1173 oleoso-carnosis,
714 1082 821 1156 facile
838 1082 1123 1176 separabilibus,
1145 1083 1242 1157 Sunt
1264 1083 1422 1178 saporis

226 1209 579 1285 oleoso-subdulois.

328 1337 441 1431 Aqua
458 1336 544 1411 trita
567 1336 820 1411 emulsionem
848 1335 973 1410 albam
1001 1335 1200 1411 inodoram
1227 1338 1420 1432 praebent.

329 1463 385 1538 Ne
418 1464 494 1537 sint
513 1463 667 1537 Semina
698 1463 865 1551 rancida,
900 1468 1050 1538 vetusta
1081 1485 1205 1558 neque
1234 1465 1424 1541 contineat

222 1612 328 1665 merx
347 1590 494 1665 semina
511 1590 711 1684 Amygdali
733 1612 874 1664 amara.

627 1874 819 2011 Senon
849 1877 1023 2013 Coloe.

335 2096 440 2170 Coloe
460 2097 616 2191 species
640 2096 795 2171 arbores
815 2096 963 2172 Africae
982 2100 1147 2193 tropicae
1168 2099 1421 2191 occidentalis,

222 2224 420 2319 imprimis:
440 2222 528 2297 Colo
547 2224 749 2297 acuminato
762 2224 808 2297 R.
824 2224 980 2299 Brown
995 2230 1030 2299 et
1046 2225 1134 2300 Colo
1149 2250 1234 2301 vera
1249 2228 1420 2302 Schum.

230 2373 233 2378 ’
332 2351 483 2425 Semina
510 2356 609 2425 testa
632 2351 785 2424 liberata
812 2352 1099 2427 exalbuminosa
1126 2354 1266 2429 siccata
1289 2357 1422 2447 avalia,
1575 2353 1579 2358 ’

223 2484 344 2570 ovata
363 2478 528 2571 oblonga
546 2486 610 2553 aut
629 2480 1049 2574 rotundato-polygona.

283 2597 284 2600 ‘
328 2607 432 2681 Mem
451 2607 549 2680 sistit
565 2608 787 2701 plerumque
807 2609 964 2681 nucleos
989 2608 1178 2683 seminum
1198 2611 1365 2706 dilapsos
1384 2612 1424 2686 in

222 2737 364 2829 cotyles
384 2736 564 2828 geminas
585 2734 707 2809 rarius
723 2740 851 2809 ternas
872 2741 939 2810 aut
957 2742 1161 2829 quaternas
1181 2744 1247 2813 aul
1265 2741 1422 2815 nucleos

222 2862 401 2955 integros.

330 2989 482 3083 Cotylae
515 2989 711 3079 maximae,
746 2997 975 3084 compactae,
1004 2992 1132 3082 durae,
1154 2994 1290 3068 coloris
1310 3000 1419 3070 extus

221 3117 382 3190 obscure
405 3116 504 3189 vele
525 3116 648 3208 griseo
668 3117 909 3208 rubro-fusci,
931 3119 1033 3192 intus
1054 3119 1304 3195 cinnamomei
1332 3128 1422 3197 sunt

219 3242 448 3337 inaequales
476 3242 516 3316 in
535 3264 670 3336 genere
690 3245 814 3317 forma
833 3245 941 3335 omli,
973 3245 1135 3320 obovala
1160 3253 1226 3321 aul
1250 3250 1421 3323 suborbi·

221 3370 336 3444 culam·
355 3375 391 3444 el
407 3370 860 3463 oblongo-quadrangula,
876 3371 1025 3445 n·5-4
1041 3373 1259 3449 cenlimeira
1271 3377 1419 3469 longae,

228 3498 370 3572 1·5-3
392 3498 610 3572 ceniimeira
623 3497 734 3588 latae,
768 3498 863 3573 facie
883 3504 1038 3573 exiema
1052 3521 1231 3593 convexa,
1252 3504 1346 3578 facie
1366 3506 1421 3579 in·

221 3628 330 3698 terna
357 3646 525 3698 concava
548 3629 613 3698 aut
645 3625 833 3719 subplana
866 3631 903 3700 et
926 3627 1015 3701 hinc
1038 3627 1078 3701 in
1105 3634 1210 3722 parte
1247 3631 1421 3708 inferiore

220 3751 390 3845 plumula
409 3757 446 3824 et
463 3750 631 3825 radicula
650 3752 1019 3844 oblongo-fusiiormi
1046 3755 1106 3828 vel
1124 3757 1335 3832 scrobiculo
1356 3761 1421 3832 oh·

219 3877 336 3970 longo
355 3878 572 3951 instructae.

326 4004 452 4078 Pulvis
473 4003 633 4077 Seminis
654 4004 777 4095 Celae,
798 4007 936 4080 coloris
955 4007 1185 4084 fusco-rubri
1203 4017 1269 4086 aut
1292 4014 1418 4088 cinna-

217 4131 367 4221 momei‚
412 4130 540 4204 odoris
582 4131 660 4205 sere
699 4152 845 4225 expers
894 4135 1042 4228 saporis
1080 4136 1419 4232 subadstn'ngenlis

221 4258 471 4347 amariuscun
512 4280 583 4353 ope
631 4259 870 4353 microscopii
907 4262 1121 4355 exploratus
1165 4265 1262 4340 sistit
1303 4289 1421 4359 grana

219 4387 331 4480 amyli
349 4385 532 4480 simplicia
550 4386 773 4480 plerumque
794 4393 905 4461 ovata
924 4393 962 4462 ei
980 4390 1145 4484 oblonga
1168 4398 1233 4467 aui
1251 4395 1419 4469 subreni-

219 4513 368 4605 formia,
396 4535 518 4606 usque
554 4513 601 4586 ad
637 4514 797 4587 al—el
835 4516 956 4589 ran‘us
1004 4518 1055 4590 30
1093 4519 1420 4597 micromillimeira

217 4641 343 4733 longa,
378 4641 527 4733 singula
545 4640 640 4713 rima
658 4645 696 4715 et
714 4642 839 4716 stratis
860 4644 1079 4719 excenliicis
1099 4652 1232 4721 amata
1260 4653 1298 4722 et
1323 4651 1419 4743 frag·
