3725 5400
725 440 961 513 -199-

354 656 491 731 Odoris
521 662 580 730 est
605 656 757 751 Myrrha
784 656 984 752 peculiaris
1013 657 1152 745 suavis
1183 655 1330 749 saporis
1359 677 1440 730 aro·

245 784 380 874 malici,
394 783 645 875 amariuscub,
658 783 839 859 subacris.
859 784 954 858 Cum
973 804 1074 877 aqua
1091 783 1176 857 trita
1191 782 1439 857 emulsionem

244 912 382 985 flavam
400 912 521 987 efficit

352 1040 445 1113 Pars
469 1041 485 1113 1
508 1039 682 1134 Myrrhae
709 1024 925 1133 pulveratae
955 1059 1042 1112 cum
1069 1037 1238 1131 partibus
1267 1038 1291 1110 0
1321 1043 1387 1111 aut
1416 1039 1438 1111 3

244 1167 407 1241 aetheris
426 1172 492 1241 aut
511 1166 766 1241 chloroformii
785 1171 1041 1260 conquassata
1063 1165 1238 1239 filtrando
1254 1164 1439 1257 liquorem

244 1294 384 1368 ssavum
410 1295 600 1388 praebeat,
630 1295 695 1388 qui
722 1294 926 1388 vaporibus
954 1293 1077 1368 bromi
1106 1294 1271 1367 colorem
1307 1292 1439 1366 rubro·

243 1420 452 1496 violaceum
470 1422 593 1496 trabit

355 1550 431 1622 100
455 1553 582 1642 partes
604 1548 778 1641 Myrrhae
802 1549 935 1642 spiritu
952 1548 1029 1622 vini
1049 1548 1247 1625 ebulliente
1275 1547 1438 1640 perfecte

244 1680 429 1750 extractae
458 1698 507 1749 ne
535 1678 621 1770 plus
646 1698 762 1769 quam
780 1681 907 1770 partes
932 1677 982 1750 70
1002 1675 1144 1749 residui
1163 1679 1201 1749 et
1219 1675 1439 1749 combustae

243 1824 292 1877 ne
310 1804 396 1896 plus
415 1825 531 1896 quam
548 1809 675 1897 partes
695 1805 720 1877 6
739 1803 874 1878 cineris
893 1804 1108 1897 praebeant

490 2124 879 2262 dumnircsina
898 2124 1191 2261 Olibanum.

722 2333 947 2415 Olibanum.

351 2492 562 2567 burrellina
586 2493 731 2587 species
764 2492 947 2587 imprimis
989 2490 1183 2564 Bosucllio
1223 2488 1375 2566 Cariam
1403 2496 1439 2565 et

245 2618 529 2715 Bhou-Dujiona
555 2620 799 2712 Birdwood,
834 2621 989 2695 arbores
1017 2619 1215 2713 indigenae
1242 2619 1282 2692 in
1300 2618 1440 2693 Arabia

245 2749 400 2823 australi
418 2770 488 2823 nec
507 2771 586 2824 non
604 2751 643 2823 in
667 2748 819 2842 regione
836 2748 1047 2823 Somalensi
1062 2748 1209 2821 Africae
1233 2747 1437 2821 orientalis.

354 2879 497 2951 Saccus
517 2877 854 2969 gummiresinosus
874 2898 894 2950 e
917 2876 1061 2950 truncis
1086 2876 1264 2949 arbomm
1291 2875 1438 2948 stillans

245 3009 282 3078 et
301 3011 388 3078 aere
406 3003 560 3078 indurat
609 3060 617 3077 .

354 3131 504 3205 Occurit
529 3132 569 3205 in
588 3132 714 3225 granis
741 3130 982 3223 subglobosis
1016 3136 1053 3205 et
1079 3131 1262 3223 oblongis,
1288 3130 1360 3225 pisi
1389 3130 1437 3205 ad

244 3281 437 3334 summurn
449 3259 558 3333 nucis
567 3259 755 3353 iuglandis
767 3258 1035 3351 magnitudinis
1046 3259 1438 3333 albo-flavescentibus

243 3386 303 3460 vel
321 3387 605 3475 ssavo-rubellis,
626 3392 736 3461 extus
756 3385 1436 3480 albido·pulverulentis,du1iS,lragi·

242 3514 350 3600 libus
375 3513 604 3588 infractura
636 3514 824 3588 conchata
852 3534 960 3588 cerae
993 3514 1112 3587 instar
1149 3513 1366 3602 nitentibus
1397 3514 1438 3587 in

242 3642 461 3731 fragmentis
475 3642 651 3715 tenuibus
666 3644 886 3736 plemmque
900 3640 1077 3734 limpidis,
1089 3640 1293 3735 pellucidis
1309 3641 1437 3714 odoris

243 3767 386 3855 debilis,
412 3789 527 3862 super
553 3770 686 3863 prunis
713 3768 909 3843 balsamici
945 3768 1143 3859 notissimi,
1164 3768 1311 3862 saporis
1336 3789 1436 3841 ama·

242 3894 407 3968 riusculi.

350 4021 546 4098 Masticata
573 4023 840 4117 gummiresina
857 4023 1042 4097 mollescit
1060 4028 1097 4097 et
1114 4044 1284 4097 massam
1303 4024 1437 4116 albam

243 4148 556 4241 subglutinosam‚
569 4173 655 4226 cum
666 4172 766 4244 aqua
775 4151 860 4224 trita
871 4152 1120 4225 emulsionem
1135 4151 1260 4225 albam
1269 4150 1435 4244 praebet.

355 4273 430 4349 100
458 4282 586 4370 partes
613 4279 749 4353 mercis
778 4278 910 4372 spiritu
937 4277 1016 4353 vini
1045 4279 1245 4353 ebulliente
1273 4278 1436 4372 perfecte

243 4406 429 4477 extractae
458 4426 507 4479 ne
539 4405 623 4498 plus
652 4427 766 4498 quam
789 4411 916 4499 partes
947 4407 997 4480 35
1017 4406 1159 4480 residui
1186 4426 1308 4498 neque
1338 4426 1436 4479 com·

241 4529 374 4603 bustae
393 4530 467 4605 nisi
484 4532 642 4625 vestigia
660 4533 794 4608 cineris
813 4534 1038 4629 relinquant.
