3725 5400
916 552 970 565 ..-
1000 510 1160 585 256...

549 922 676 1004 Pulvis
707 930 944 1023 crystallinus
983 931 1103 1021 albus,
1139 938 1225 1005 aere
1258 931 1499 1023 umescens,
1534 934 1632 1009 iacil-

440 1056 526 1131 lime
545 1057 584 1131 in
604 1078 704 1150 aqua
722 1079 793 1131 nec
812 1079 890 1131 non
909 1058 948 1131 in
968 1058 1102 1151 spiritu-
1130 1058 1207 1131 vini
1239 1059 1423 1147 solubilis;
1457 1060 1631 1136 tlammae

441 1184 616 1259 admotus
646 1207 729 1259 eam
753 1186 877 1259 colore
897 1187 995 1260 tlavo
1023 1186 1140 1278 tingit.
1172 1186 1314 1260 Solutio
1345 1209 1501 1280 aquosa,
1531 1211 1632 1283 aqua

441 1313 558 1386 chlori
591 1313 718 1387 addita
751 1318 788 1387 et
820 1335 906 1387 oum
940 1314 1204 1387 chloroformio
1238 1321 1504 1408 conquassata,
1542 1317 1630 1390 huic

441 1441 605 1514 colorem
622 1442 832 1515 violaceum
850 1441 986 1514 tribuit.

548 1568 690 1642 Solutio
711 1589 861 1661 aquosa
884 1574 1055 1642 recenter
1081 1575 1216 1661 parata·
1241 1570 1423 1665 (11:20)
1454 1569 1501 1643 sit
1528 1592 1630 1645 reac-

439 1695 550 1769 tionis
574 1696 759 1783 neutrius;
794 1696 920 1769 addito
951 1697 1058 1771 acido
1087 1696 1266 1771 sulfun'co
1300 1697 1416 1771 diluto
1445 1720 1493 1773 ne
1522 1700 1628 1773 effer·

439 1828 577 1912 vescat‚
611 1845 682 1899 nec
716 1823 840 1898 statim
873 1824 1062 1913 flavescat,
1097 1846 1167 1898 nec
1196 1845 1296 1918 aqua
1322 1825 1630 1917 hydrosuliurata

437 1953 496 2025 vel
525 1950 715 2025 ammonio
749 1951 943 2040 sulfurato,
978 1973 1102 2044 neque
1136 1952 1252 2045 baryo
1289 1951 1421 2026 nitu'co
1456 1958 1629 2027 mutetur.

436 2079 579 2152 Eadem
598 2079 710 2171 guttis
730 2078 871 2171 aliquot
888 2077 977 2152 feni
995 2079 1163 2153 sulfurici
1182 2084 1219 2152 et
1236 2078 1325 2153 terri
1343 2079 1629 2174 sesquichlorati

438 2206 551 2280 soluti
561 2206 695 2279 additis
707 2211 743 2280 et
757 2205 878 2279 nutrio
892 2205 1179 2299 hydrooxydato
1195 2207 1318 2279 soluto
1333 2213 1626 2300 supersaturata‚

438 2335 592 2408 demum
619 2333 722 2407 brevi
751 2334 930 2407 calefacta
958 2339 995 2407 et
1023 2333 1130 2407 acido
1158 2333 1446 2427 hydrochlorico
1476 2336 1626 2409 abunde

438 2466 616 2549 saturata,
638 2461 803 2534 colorem
823 2462 1038 2534 caeruleum
1056 2482 1104 2534 ne
1126 2462 1247 2533 ducat

544 2588 843 2681 Decigrammata
890 2588 912 2660 l
961 2588 1077 2661 Natrii
1132 2587 1258 2677 iodati,
1314 2587 1354 2660 in
1401 2589 1627 2663 centimetrls

435 2717 575 2792 cubicis
598 2718 620 2789 l
637 2715 849 2790 ammoniae
864 2718 999 2806 soluta,
1017 2716 1151 2790 additis
1172 2714 1398 2790 centimetris
1418 2717 1558 2791 cubicis
1578 2718 1626 2790 14

435 2845 631 2919 solutionis
647 2843 791 2936 argenti
804 2842 925 2918 uitrici
940 2843 1201 2917 decinormalis
1216 2844 1394 2916 filtratum
1408 2845 1624 2937 praebeant,

435 2972 550 3069 quod,
586 2971 693 3045 acido
722 2971 853 3045 uitrico
883 2970 1113 3044 acidulatum
1140 2969 1236 3045 inter
1268 2971 1316 3043 10
1346 2970 1490 3043 minuta
1512 2971 1626 3044 turbi-

433 3100 526 3173 dum
562 3100 716 3174 nonnisi
752 3099 898 3188 evadat,
938 3119 986 3172 ne
1023 3119 1114 3171 vero
1158 3097 1411 3172 sedimentum
1448 3098 1623 3192 deponat,

433 3248 556 3319 neque
575 3227 771 3319 nigrescat

543 3352 720 3426 Gramma
751 3352 866 3426 Natrii
888 3353 1015 3442 iodati,
1044 3373 1130 3426 cum
1169 3350 1396 3425 centimetris
1425 3350 1565 3424 cubicis
1599 3351 1623 3424 5

433 3480 542 3554 natrii
560 3480 834 3574 hydrooxydati
853 3481 967 3555 soluti
986 3487 1023 3554 et
1041 3477 1206 3574 pulveris
1236 3479 1330 3552 zinci
1362 3483 1399 3552 et
1426 3479 1513 3552 ferri
1545 3480 1624 3573 pul·

433 3607 550 3681 verali
576 3588 631 3681 aa
648 3614 853 3700 grammate
885 3607 1038 3682 dimidio
1063 3607 1296 3695 calefactum,
1322 3607 1552 3680 ammoniam
1574 3627 1624 3680 ne

433 3735 591 3809 exhalet.

539 3864 709 3936 Flamma
743 3862 870 3936 Natrio
908 3862 1035 3935 iodato
1083 3862 1207 3935 oolore
1244 3860 1342 3933 flavo
1379 3861 1518 3934 infecta
1553 3882 1622 3954 per

432 3991 598 4064 tabulam
616 3990 772 4064 vitream
800 3991 1011 4064 caeruleam
1031 3989 1288 4082 adspecta-ne,
1309 3986 1382 4060 nisi
1400 3986 1620 4061 brevissime

430 4119 548 4192 rubra
566 4117 754 4211 adpareat.

682 4350 924 4485 Nabim
954 4337 1376 4520 phosphoricun

538 4553 708 4647 Crystalll
727 4552 924 4627 decoloros
950 4553 1168 4646 pellucidae,
1190 4559 1276 4624 aere
1298 4549 1620 4640 oitolatiscenteS,

429 4681 627 4757 reaotionis
660 4679 850 4770 aloalinae,
880 4679 987 4752 facile
1020 4679 1060 4753 in
1093 4697 1192 4771 aqua
1224 4678 1368 4771 fuglos,
1403 4676 1559 4750 nudus
1578 4677 1619 4750 itt
