3725 5400
953 500 1166 572 ..38-

573 718 747 791 senetur
779 715 1113 811 dpomorphinum¹
1139 717 1464 810 hydrochlon'cum
1501 718 1541 791 in
1573 718 1656 792 loco

464 846 563 919 sicco
588 844 627 918 in
653 844 756 918 vasis
781 844 922 938 optime
950 844 1100 932 clausis
1122 866 1145 918 a
1167 844 1250 919 luce
1278 850 1474 918 remotum
1501 845 1657 937 Dispen-

463 977 592 1046 sentur
620 971 700 1045 eius
714 972 929 1046 solutiones
949 971 988 1045 in
1006 971 1150 1063 lagenis
1169 972 1243 1046 luci
1262 972 1458 1064 imperalis

789 1259 978 1432 Aquae
1008 1256 1328 1393 destinatae.

571 1517 754 1592 Parenten
766 1517 806 1591 in
821 1521 1005 1610 apparatu
1020 1514 1263 1589 destillaton’o
1283 1535 1355 1608 ope
1369 1516 1531 1608 vaporis.
1539 1514 1658 1603 ¹Medi-

465 1644 611 1718 camina
625 1644 674 1717 ad
688 1642 878 1736 parandas
899 1662 1019 1735 aquas
1039 1641 1244 1716 destillatas
1263 1640 1494 1734 praescripta
1507 1643 1659 1716 nonnisi

464 1771 651 1865 qualitatis
685 1770 848 1864 optimae
886 1773 923 1842 et
955 1769 1094 1841 siccata
1130 1768 1281 1842 concisa
1314 1773 1379 1841 aut
1407 1773 1577 1858 contusa,
1619 1770 1656 1844 in

464 1919 600 1991 genere
619 1898 700 1972 sine
719 1895 981 1985 maceratione,
1003 1900 1161 1969 extensa
1179 1895 1218 1968 in
1238 1893 1519 1989 diaphragmate
1535 1897 1659 1970 cribri·

463 2019 589 2114 lormi‚'
603 2024 704 2118 quod
732 2023 938 2097 immittitur
966 2022 1005 2095 in
1032 2022 1271 2116 recipientem
1299 2026 1514 2116 apparatae,
1536 2023 1659 2097 destil-

462 2152 591 2226 lationi
610 2150 891 2225 submittuntur.
925 2148 1095 2222 Evoiutio
1127 2149 1278 2242 vaporis
1311 2149 1359 2222 sit
1399 2150 1439 2222 in
1478 2150 1658 2244 principio

465 2279 670 2352 moderata.

573 2404 704 2498 Aquae
714 2404 920 2478 destillatae
941 2404 994 2476 sic
1014 2404 1189 2477 obtentae
1204 2404 1366 2476 maxima
1381 2424 1427 2476 ex
1439 2408 1544 2497 parte
1560 2426 1660 2478 reac-

463 2534 574 2605 tionis
594 2531 762 2606 neutrius
782 2536 880 2621 sunt,
899 2531 1103 2605 nonnullae
1119 2531 1297 2619 acidulae,
1313 2530 1481 2622 aliaeque
1505 2531 1660 2623 paulurn

466 2659 653 2733 aicalinae.
1219 2657 1221 2659 ’

572 2788 704 2882 Aqaaae
725 2787 930 2862 destillatae
959 2788 1034 2860 sint
1062 2786 1188 2860 odoris
1217 2791 1254 2858 et
1281 2787 1426 2879 saporis
1450 2785 1657 2878 peculiaris

465 2916 528 3008 qui
542 2914 761 2989 substantiis
781 2917 992 2991 volatilibus
1012 2916 1300 2991 medicaminum
1319 2917 1458 3006 insunt
1478 2937 1498 2989 e
1519 2915 1657 3009 quibus

462 3048 652 3133 parantur.

571 3175 681 3262 Aqua
698 3170 1005 3264 hydrosulfurata
1034 3170 1197 3243 admixta
1229 3191 1277 3243 ne
1297 3174 1489 3243 mutentur
1517 3176 1553 3243 et
1572 3191 1655 3244 eva·

463 3302 616 3391 paratae
635 3297 727 3371 nihil
746 3297 886 3371 residui
904 3297 1125 3390 relinquant

571 3425 772 3498 Serventur
808 3425 848 3497 in
883 3425 967 3498 loco
1006 3425 1168 3497 obscuro
1207 3430 1243 3498 et
1279 3423 1412 3517 frigido
1449 3425 1489 3497 in
1511 3425 1655 3517 lagenis

461 3552 598 3644 optime
619 3550 813 3625 obturatis,

569 3680 665 3752 Ante
686 3678 1006 3772 dispensationem
1026 3680 1157 3770 Aquae
1179 3678 1384 3752 destillatae
1404 3679 1546 3753 fortiter
1566 3700 1652 3751 con-

460 3811 661 3896 quassatae
689 3783 863 3879 filtrando
894 3807 940 3879 ab
971 3806 1053 3878 oleo
1082 3805 1257 3879 aethereo
1283 3812 1427 3879 secreto
1460 3806 1652 3880 innatante

460 3938 692 4025 separentur.

646 4165 803 4338 Aqua
836 4165 1124 4299 aromatica
1155 4164 1460 4335 spiritunon.

456 4421 530 4515 Rp:
566 4426 731 4496 Foliorum
749 4425 904 4496 llelissae
923 4436 967 4513 (Ι),

564 4552 731 4623 laborum
749 4553 902 4624 lientlrae
921 4554 1088 4642 piperitae
1108 4563 1138 4631 il)

564 4680 729 4750 laborum
749 4681 884 4752 Salviae
903 4690 934 4758 (Ι)
