3725 5400
727 475 944 548 ..15-

345 694 469 767 Mixtio
500 714 520 767 e
549 692 767 785 centimetro
805 693 936 767 cubico
974 692 1081 768 Aridi
1113 693 1357 788 phosphorici
1395 698 1433 768 et

239 821 465 896 centimetn's
502 798 642 894 cubicis
681 821 703 893 3
743 820 942 894 solutionis
981 821 1107 895 stanni
1143 821 1299 895 chlorati
1335 822 1433 895 inter

238 949 372 1024 horam
390 947 556 1022 colorem
574 947 830 1021 obscuriorem
848 969 896 1021 ne
916 948 1084 1042 accipiat

242 1100 247 1133 -·
347 1075 507 1150 Acidum
515 1075 811 1169 phosphoricum
821 1082 908 1150 cum
917 1075 1106 1150 solutione
1116 1077 1261 1170 argenti
1269 1075 1388 1151 nitn’ci
1398 1081 1435 1150 et

240 1203 457 1278 abundante
477 1203 666 1276 ammonia
683 1203 841 1276 mixtum
860 1207 973 1296 atqua
998 1203 1047 1277 ad
1066 1203 1321 1283 ebullitionem
1338 1203 1434 1277 caie-

235 1332 377 1405 factum
408 1351 479 1405 nec
512 1331 677 1405 colorem
707 1330 954 1423 nigricantem
984 1331 1117 1406 induat
1143 1352 1214 1406 nec
1243 1330 1431 1411 eiusmodi

239 1458 489 1535 sedimenium
508 1458 682 1552 deponat

348 1583 447 1659 Gasa
484 1584 789 1678 hydrosulfurato
827 1590 1038 1659 saturatum
1072 1605 1121 1659 ne
1156 1589 1239 1661 tum
1281 1584 1435 1677 quidem

241 1712 405 1787 colorem
422 1712 563 1787 flavum
581 1712 659 1785 siva
678 1712 953 1805 nigro-discum
971 1711 1102 1786 induat
1119 1716 1186 1786 aut
1197 1712 1382 1802 turbetur,
1401 1712 1434 1786 si

238 1861 306 1935 per
318 1839 468 1932 longius
482 1843 633 1931 tempus
646 1860 738 1913 vasa
749 1845 849 1913 tecto
862 1839 940 1912 leni
955 1840 1078 1912 calore
1093 1840 1299 1934 repositum
1312 1839 1433 1913 luent,

239 1967 364 2060 Duplo
381 1965 571 2039 volumine
592 1987 713 2060 aquae
732 1966 860 2040 addito
879 1972 950 2040 n'ec
969 1966 1155 2041 solutione
1178 1965 1284 2058 hami
1301 1966 1434 2056 uitrici,

238 2113 308 2167 nec
328 2093 474 2168 adiecta
502 2094 835 2188 superabundante
864 2094 1055 2167 ammonia
1072 2093 1264 2168 ammonio
1288 2093 1434 2169 oxaltco

240 2221 421 2296 turbetur.
513 2278 518 2287 .

273 2352 277 2359 “
349 2347 444 2422 Cum
471 2347 645 2442 sextuplo
672 2347 863 2422 volumine
886 2347 1133 2441 spiritus-vini
1164 2348 1323 2425 mixtum
1354 2348 1433 2422 lim-

241 2475 373 2568 pidum
390 2479 554 2549 maneat.
974 2484 1009 2565 ſs
1376 2542 1383 2557 ,

244 2657 249 2669 .
346 2601 389 2675 [n
407 2607 537 2695 patina
560 2601 724 2695 platinea
747 2606 992 2696 evaporatum
1011 2607 1048 2676 et
1073 2602 1318 2678 vehementer
1337 2603 1432 2678 cale·

240 2729 382 2827 facturn
400 2750 449 2803 ua
465 2730 538 2804 nisi
555 2730 713 2822 vestigia
730 2730 871 2804 residui
888 2731 1083 2824 relinquat„

348 2857 473 2930 Mixtio
498 2856 764 2931 ecantimetn's
793 2858 934 2931 cubicis
955 2859 977 2930 0
998 2854 1107 2931 Acidi
1128 2855 1372 2951 phosphorici
1400 2860 1437 2929 et

241 2983 466 3058 centimetris
496 2983 637 3058 cubicis
667 2984 689 3056 0
726 2983 819 3057 acidi
852 2985 1018 3060 sultmici
1047 2983 1276 3060 concontrati
1305 3003 1435 3075 super·

240 3110 363 3184 affusa
381 3110 566 3184 solutione
584 3111 672 3185 ferri
686 3111 853 3185 suliurici
867 3133 1002 3185 zonam
1015 3111 1275 3185 intermediam
1289 3109 1436 3182 fuscam

241 3259 289 3311 na
309 3238 448 3331 gignat.
911 3323 917 3340 ,
1013 3283 1016 3286 -
1102 3292 1104 3295 -

349 3363 547 3439 Continuat
578 3364 617 3438 in
650 3366 819 3456 partibus
857 3366 934 3439 100
953 3371 1079 3459 partes
1103 3366 1161 3439 uo
1186 3365 1281 3439 acidi
1309 3364 1435 3437 ortho-

242 3491 495 3585 phospb01ici
526 3498 755 3586 quapropter
783 3493 1001 3568 centimetra
1028 3494 1205 3567 cubicab
1236 3492 1317 3566 eius
1337 3513 1436 3585 aqua

246 3619 295 3692 ad
324 3620 540 3693 centimetra
572 3620 705 3693 cubica
742 3620 818 3695 100
851 3620 969 3694 diluta
1001 3620 1187 3714 liquorem
1218 3620 1435 3712 praebeant,

243 3745 351 3820 ornus
370 3746 589 3821 centimetra
606 3747 739 3821 cubica
760 3747 808 3821 10
828 3748 1049 3822 centimetra
1067 3746 1199 3822 cubica
1219 3747 1311 3820 003
1332 3746 1433 3820 solu·

241 3872 354 3948 tionis
374 3872 646 3947 acidimetricae
666 3874 925 3948 decinormalis
941 3880 1177 3962 consumant,
1197 3874 1319 3948 donec
1334 3872 1434 3948 solu-

240 3999 343 4074 tione
388 3999 609 4074 indicatoria
651 4000 1073 4096 phenolophthaleinica
1119 4001 1286 4075 adbibita
1332 4000 1436 4073 color

238 4149 582 4222 purpureo-roseus
602 4129 751 4204 oriatm.
