3725 5400
727 476 963 560 -113-

353 703 518 779 Extracti
554 703 660 778 fluidi
697 709 907 796 grammata
951 705 974 777 2
1022 705 1062 778 in
1106 705 1282 797 lagenula
1324 706 1443 781 vitrea

245 832 417 906 diametri
463 831 761 906 millimetrorum
798 833 851 906 40
898 836 937 907 et
973 832 1180 907 altitudinis
1217 832 1443 909 millimetro·

245 981 330 1033 rum
356 960 418 1049 30,
441 960 561 1034 fundo
585 960 712 1053 plano,
746 960 825 1034 noti
848 961 1039 1054 ponderis
1069 961 1109 1034 in
1141 961 1278 1035 balneo
1308 983 1440 1056 aquae,

246 1092 371 1160 erecta
401 1087 588 1180 lagenula,
616 1109 685 1182 per
713 1087 737 1161 d
766 1087 881 1162 horas
915 1087 1114 1162 siccentur.
1146 1088 1241 1163 Dein
1267 1089 1443 1182 lagenula

246 1235 333 1287 cum
357 1218 533 1289 contento
566 1215 804 1308 refrigeretur
842 1215 882 1288 in
911 1219 1095 1307 apparatu
1129 1216 1373 1290 exsiccatorio
1407 1222 1444 1292 et

244 1340 384 1414 trutina
403 1341 645 1416 examinetur.

353 1467 496 1542 Solutio
515 1468 653 1542 filtrata
672 1468 821 1558 cineris
842 1467 985 1542 obtenti
1004 1468 1044 1542 in
1063 1468 1192 1563 patina
1206 1470 1443 1563 porcellanea

246 1596 465 1689 egrammis
488 1598 510 1668 3
533 1595 688 1671 extracti
706 1596 811 1670 fluidi
841 1596 1094 1670 calefaciendo
1116 1618 1202 1671 cum
1217 1598 1444 1672 centimetris

246 1723 387 1797 cubicis
410 1724 434 1797 5
454 1723 549 1797 acidi
568 1722 846 1817 hydrochlorici
868 1724 984 1813 diluti,
1020 1724 1147 1797 addita
1175 1745 1275 1817 aqua
1306 1724 1443 1818 hydro·

245 1851 430 1924 sulfurata
448 1871 496 1924 ne
516 1856 691 1925 mutetur.

447 2210 950 2323 distractum
991 2207 1251 2325 allode.

242 2411 319 2505 Rp:
356 2415 454 2486 llots
475 2424 523 2495 (11)
1170 2422 1309 2510 portem
1408 2418 1441 2490 l.

316 2539 425 2613 Solve
444 2540 483 2613 in

353 2670 466 2759 Aquae
487 2669 680 2743 ebullientis
1097 2646 1100 2651 ⁵
1138 2666 1305 2767 portibus
1417 2670 1440 2744 5

319 2798 356 2867 et
375 2795 540 2868 admisce
1357 2793 1361 2800 ’

353 2926 465 3013 Aquae
485 2924 632 3013 frigidae
1184 2929 1309 3019 parles
1407 2924 1442 2997 5.

318 3048 466 3144 Sepone
502 3072 570 3145 per
610 3050 723 3124 horas
749 3051 818 3139 48;
856 3057 938 3125 tum
973 3051 1159 3145 liquorem
1190 3050 1386 3144 limpidum
1420 3072 1443 3123 a

244 3177 370 3250 resina
403 3183 549 3252 secreta
582 3178 822 3252 decantatum
840 3179 940 3252 filtra
968 3184 1005 3252 et
1031 3180 1070 3252 in
1098 3179 1232 3252 balneo
1253 3198 1374 3271 aquae
1395 3176 1443 3250 ad

246 3304 386 3378 siccum
405 3325 578 3398 evapora

355 3432 410 3505 Sit
428 3432 564 3506 coloris
594 3455 614 3507 e
634 3433 731 3506 flavo
749 3432 858 3522 lusci,
889 3433 1037 3527 sapon's
1062 3432 1262 3526 peramari;
1290 3431 1441 3526 limpide

245 3560 413 3632 solvatur
429 3560 471 3632 in
489 3580 589 3652 aqua
604 3559 756 3650 fervida,
777 3560 997 3634 subturbide
1018 3560 1086 3633 sed
1105 3559 1185 3633 sine
1200 3559 1276 3633 ullo
1289 3559 1442 3633 residuo

242 3691 283 3764 in
302 3708 401 3779 aqua
419 3686 563 3781 frigida.

355 3814 497 3888 Solutio
535 3813 645 3887 natrii
683 3813 854 3904 horacici,
902 3814 1077 3887 solutioni
1123 3813 1286 3888 Extracti
1323 3812 1441 3887 Aloes

245 3960 409 4032 aquosae
430 3939 572 4029 addita,
593 3940 698 4013 brevi
716 3945 885 4035 ternpore
904 3940 1020 4014 viride
1040 3941 1251 4013 fluorescat.

251 4298 760 4410 narrantum
825 4302 1438 4412 Belladonnac.

243 4515 320 4611 Rp:
355 4520 522 4592 Foliorum
540 4520 765 4593 Belladonnao
785 4529 842 4601 (111)
1186 4522 1308 4612 portes
1395 4519 1443 4590 10

319 4645 553 4719 humefactas
574 4666 660 4718 cum

351 4800 542 4857 rumpo...
1206 4782 1224 4837 a
