3725 5400
737 441 973 513 -183-

256 658 374 731 brana
407 657 654 750 inaequaliter
681 658 892 732 incrassata
929 661 966 730 et
1003 656 1237 749 mesocarpio
1269 676 1289 729 e
1318 678 1452 750 paren-

259 784 432 876 ehymate
446 784 531 858 laxo
546 785 714 859 utriculis
730 785 813 858 oleo
828 784 1006 858 aethereo
1021 783 1081 857 vel
1095 783 1267 857 balsamo
1282 782 1449 874 repletis;

257 910 542 1005 perispermium
570 911 700 1004 fragile
740 912 989 1005 compositum
1026 933 1046 984 e
1085 911 1226 985 cellulis
1263 910 1451 1003 polyedris

256 1038 477 1111 membrana
495 1039 698 1112 tenerrima
715 1039 917 1126 instructis
938 1039 1062 1130 amylo
1083 1038 1120 1110 in
1135 1038 1302 1130 granulis
1318 1058 1451 1131 perpu-

256 1165 348 1239 sillis
368 1165 452 1239 fetis
473 1172 509 1239 et
528 1187 575 1238 ex
594 1166 760 1240 utriculis
779 1166 1003 1256 numerosis
1023 1166 1235 1239 substantia
1261 1166 1450 1239 resinosa·

257 1292 474 1382 balsamiea,
508 1293 646 1386 parlim
666 1294 850 1385 crystallis
884 1292 1108 1384 prismalicis
1142 1298 1177 1366 et
1206 1292 1450 1366 articularibus

256 1419 411 1512 piperini
427 1419 589 1512 repletis
607 1440 703 1512 quae
724 1420 831 1492 acido
846 1419 1023 1493 sulfurico
1040 1423 1280 1492 concentrato
1300 1418 1452 1493 humec-

256 1550 357 1619 tatae
378 1547 542 1620 colorem
561 1547 813 1638 sanguineum
829 1547 999 1620 induunt

371 1675 445 1748 100
464 1678 591 1767 partes
620 1674 755 1747 mercis
783 1694 831 1748 ne
859 1673 946 1767 plus
976 1694 1090 1766 quam
1117 1678 1244 1765 partes
1273 1674 1452 1747 5cineris

255 1803 477 1896 relinquant

608 2053 838 2187 Fructus
875 2050 1101 2187 Samae.

665 2278 846 2359 Folliculi
867 2278 1036 2358 Sennae.

365 2437 520 2512 Generis
548 2434 690 2512 Cassiae
714 2437 924 2531 specierum
956 2437 1138 2531 imprimis
1171 2435 1314 2511 Cassiae
1343 2438 1451 2510 acati-

253 2565 366 2661 faliae
384 2566 527 2640 fructus
548 2566 683 2656 slecati,
704 2566 865 2659 exempti
882 2566 1123 2640 varietatibus
1139 2565 1296 2639 diversis
1315 2565 1450 2640 mercis

254 2693 429 2768 loliorum
454 2693 613 2782 Sennae,
633 2693 855 2787 praesertim
883 2692 937 2767 sie
965 2692 1084 2768 dictae
1114 2693 1262 2767 Seunae
1291 2692 1450 2769 Alexan·

256 2821 395 2894 drinae.

363 2948 570 3040 Legumina
587 2948 750 3040 perlecta
770 2967 990 3040 compressa
1008 2968 1170 3021 exsucca
1183 2947 1449 3022 foliosa-mem·

255 3076 451 3164 branacea,
480 3076 610 3167 rigida,
641 3074 855 3168 strepentia,
890 3075 1020 3164 oralia,
1055 3075 1450 3164 rhomboides-oralia,

255 3204 477 3297 plerumque
498 3202 673 3294 oblonga,
705 3224 818 3297 saepe
839 3203 1048 3277 subsalcata
1067 3206 1133 3276 aut
1151 3202 1450 3292 subreniiormia,

254 3350 377 3421 usque
411 3329 504 3403 adb
534 3330 753 3402 centimetra
784 3329 908 3422 longa,
939 3329 1084 3402 i—bb
1116 3329 1333 3403 centimetra
1364 3331 1451 3419 lata,

256 3458 400 3550 passim
431 3457 585 3531 residuo
618 3457 822 3550 pedunculi
855 3461 892 3530 et
919 3457 992 3530 stili
1016 3457 1228 3531 brevissimi
1258 3458 1451 3547 instructa,

254 3584 478 3677 incompleta
503 3584 791 3678 plurilueularia,
820 3584 979 3657 bivalvia
1006 3584 1124 3657 valvis
1153 3586 1453 3659 membranaceis

255 3711 362 3785 facile
378 3712 642 3786 secedentibus
657 3711 864 3799 tenacibus
881 3715 990 3785 extus
1001 3711 1137 3784 coloris
1153 3733 1173 3785 e
1188 3713 1286 3785 flavo
1301 3712 1454 3786 virides·

258 3839 376 3912 centis
406 3843 470 3911 aut
497 3838 593 3911 laete
614 3837 777 3927 olivacei,
798 3837 977 3926 laevibus
1007 3841 1221 3911 transverse
1245 3838 1452 3913 venulosis

367 3964 518 4040 Semina
559 3964 781 4058 plerumque
825 3965 927 4038 6-7
971 3964 1181 4037 secundum
1217 3965 1355 4039 lineam
1387 3988 1455 4059 per

255 4090 527 4184 longitudinem
540 4091 704 4164 mediam
718 4090 901 4184 disposita
916 4095 1007 4164 sunt
1033 4089 1454 4186 obcordatospatulata,

255 4219 295 4292 in
328 4223 493 4291 rostrum
524 4217 636 4290 breve
671 4218 851 4290 obtusum
868 4222 1069 4311 protracta,
1091 4237 1320 4310 compressa,
1348 4220 1453 4292 5-6

257 4343 606 4436 nullimetralonga,
620 4349 728 4417 extus
742 4343 1307 4435 fuveolatoreticulato-rugosa,
1320 4346 1456 4419 coloris

257 4468 877 4563 albida-glaucivelglauau·g1isei,
893 4470 1106 4558 durissima,
1124 4470 1327 4563 embryone
1341 4477 1454 4560 recto,

257 4599 388 4692 cotylis
445 4596 621 4671 tenuibus
669 4596 883 4670 obcordatis
940 4597 1105 4670 foliaceis
1157 4597 1457 4688 flavescentibus
