3725 5400
892 402 1133 476 -402-

414 622 477 696 nio
497 622 641 695 oxalico
661 626 727 695 aut
744 621 865 694 nab-io
884 621 1139 714 phosphorieo
1160 623 1343 710 turbetur3
1360 645 1460 716 aqua
1474 624 1609 715 hydro-

412 751 594 823 sulfiirata
613 750 865 822 sedimentum
883 770 977 842 pure
997 749 1124 822 album
1143 750 1239 824 edat

520 878 685 952 Miscella
713 899 733 950 e
762 883 968 969 grammate
997 877 1100 951 Zinci
1133 878 1283 970 oxydali
1312 883 1349 952 et
1385 877 1611 952 centimetris

413 1005 554 1080 cubicis
594 1008 615 1078 3
655 1004 852 1079 solutionis
894 1006 1020 1078 stanni
1062 1006 1218 1080 chlorali
1259 1006 1356 1080 intra
1393 1006 1525 1080 horam
1563 1027 1611 1080 ne

411 1135 610 1208 luscescat.

523 1261 740 1334 Grammaia
751 1260 774 1334 b
786 1260 889 1334 Zinci
904 1261 1055 1353 oxydali
1065 1284 1151 1335 cum
1163 1261 1388 1336 centimetris
1404 1260 1544 1334 cubicis
1561 1262 1611 1334 20

416 1409 537 1482 aquae
558 1394 738 1480 quassata
756 1387 940 1481 liquorem
959 1389 1174 1481 praebeant,
1205 1389 1271 1487 qui
1293 1388 1452 1461 filtratus
1473 1394 1509 1462 et
1528 1409 1611 1462 eva-

414 1519 570 1609 poratus
589 1514 783 1590 residuum
802 1515 1044 1609 ponderabile
1063 1537 1111 1590 ne
1130 1516 1326 1609 relinquat

445 1840 791 1952 Zdneum
827 1841 1581 1980 sedlocarboldcum

525 2043 694 2137 Crystalli
729 2044 1022 2119 tabulaeformes
1070 2045 1275 2135 decolores,
1312 2045 1350 2118 in
1389 2054 1474 2119 aire
1513 2045 1613 2119 lalis-

417 2177 555 2262 centeS,
583 2172 622 2245 in
640 2173 810 2266 partibus
832 2173 854 2245 b
876 2194 1007 2265 aquae,
1036 2173 1261 2266 inpartibus
1282 2174 1346 2246 lb
1367 2173 1521 2267 spiritus
1539 2172 1615 2246 vini

417 2299 606 2374 solubiles.

526 2426 669 2501 Solutio
699 2449 845 2520 aquosa
871 2429 1045 2520 (1:10),
1087 2427 1286 2502 reactionis
1322 2425 1455 2502 leniter
1487 2427 1615 2502 acidae

419 2554 545 2628 addito
578 2555 676 2628 ferro
715 2555 1014 2648 sesquichlorato
1048 2555 1172 2628 soluto
1211 2556 1376 2629 colorem
1407 2556 1615 2629 violaceum

420 2681 549 2772 induit,
563 2681 689 2757 addito
701 2682 891 2757 ammonio
903 2683 1086 2757 sulfurato
1097 2682 1380 2778 praecipitatum
1390 2683 1519 2757 album
1529 2682 1614 2758 edit.

527 2810 681 2899 Eadem,
722 2810 830 2885 acido
867 2811 1154 2904 hydrochlorico
1189 2811 1375 2885 acidulata
1410 2833 1480 2885 nec
1518 2833 1619 2905 aqua

419 2938 735 3032 hydrosuliurata,
783 2960 853 3012 nec
901 2939 1008 3011 acido
1056 2939 1233 3012 sulfurico
1280 2925 1461 3027 turbetur,
1500 2940 1617 3032 baryo

418 3066 550 3139 uitrico
572 3066 619 3138 ad
640 3087 831 3139 summum
852 3067 1056 3160 opalescat;
1087 3066 1214 3139 addita
1233 3067 1423 3140 ammonia
1440 3066 1617 3160 praecipi·

420 3199 540 3267 tatum
559 3194 696 3285 album,
711 3193 750 3266 in
765 3195 966 3268 excedente
987 3195 1177 3268 ammonia
1187 3194 1344 3269 solubile
1360 3195 1460 3281 edat;
1481 3195 1617 3269 solutio

421 3321 574 3395 obtenta
602 3341 672 3394 nec
701 3321 890 3394 ammonio
921 3321 1064 3395 oxalieo
1093 3321 1273 3411 turbetur,
1303 3342 1373 3394 nec
1393 3321 1506 3414 guttis
1526 3343 1627 3426 non-¹

422 3447 533 3521 nullis
554 3469 674 3539 aquae
694 3447 1022 3539 hydrosulfuratae
1042 3449 1239 3522 luscescat

531 3575 673 3648 Solutio
707 3567 923 3667 grammatis
958 3576 1060 3649 Zinci
1098 3577 1373 3651 sullocarboliei
1411 3576 1617 3650 sufficiente

423 3702 627 3797 quantitate
657 3703 836 3775 ammonii
864 3704 1035 3777 suliurali
1058 3704 1300 3797 praecipitata
1322 3709 1359 3778 et
1378 3705 1464 3778 dein
1483 3704 1620 3778 filtrata

423 3830 664 3926 evaporando
697 3830 893 3904 residuum
918 3831 1046 3904 album
1082 3832 1278 3925 relinquat,
1321 3832 1422 3926 quod
1460 3832 1619 3924 ignitum

422 3959 532 4053 plane
552 3958 727 4050 aubrgiat

532 4085 711 4160 Gramma
725 4085 828 4159 Zinci
847 4086 1123 4160 sulsocarbolici
1141 4087 1300 4180 ignitum
1318 4086 1620 4180 milligrammata

427 4212 498 4287 151
523 4212 618 4286 zinci
636 4212 787 4307 oxydati
804 4212 1001 4309 relinquat.
