3725 5400
922 478 1156 549 -150-

604 686 791 821 liores
820 688 1189 827 Chamonillae
1217 693 1477 866 vulgaris,

550 925 763 999 Matricooio
777 925 1014 1001 chamomilla
1022 930 1074 1021 L.,
1085 932 1215 1024 planta
1228 953 1367 1023 annua,
1380 933 1478 1008 inter
1486 941 1637 1028 segetes

441 1059 479 1127 et
495 1052 536 1126 in
554 1051 740 1127 ruderatis
759 1056 903 1147 passim
921 1077 1108 1131 crescens.

549 1179 741 1254 Anthodia
780 1182 925 1256 radiata
969 1185 1170 1259 multiflora
1206 1186 1346 1261 siccata
1384 1188 1635 1281 perantbodio

441 1306 646 1398 imbricato,
680 1311 915 1403 receptaculo
950 1313 1079 1385 conico
1114 1314 1229 1403 nudo,
1250 1334 1356 1403 caro,
1391 1316 1497 1385 4-5
1531 1316 1637 1390 milli-

440 1440 561 1509 metra
584 1436 671 1525 alto,
698 1436 756 1510 r5
773 1437 1027 1512 millimetrum
1045 1440 1133 1528 lato,
1159 1441 1328 1515 flosculis
1356 1442 1451 1515 radii
1473 1441 1636 1535 ligulaiis

442 1561 547 1653 albis,
569 1562 660 1636 disci
679 1563 842 1637 minimis
861 1566 1048 1640 tubulosis
1067 1566 1185 1657 flavio,
1215 1589 1340 1662 pappo
1360 1569 1477 1655 nullo,
1507 1569 1636 1643 odoris

440 1689 638 1782 peculiaris
657 1691 866 1783 fragrantis,
886 1693 1033 1786 saporis
1053 1694 1245 1768 aromatici
1264 1700 1301 1769 et
1320 1696 1448 1769 aman‘,

554 1817 629 1890 100
644 1817 778 1892 mercis
793 1823 920 1912 partes
939 1840 989 1893 ne
1006 1821 1132 1895 minus
1148 1843 1263 1915 quam
1277 1828 1403 1915 partes
1418 1827 1465 1896 15
1483 1824 1636 1898 extracti

441 1942 632 2036 spirituosi
648 1945 855 2036 praebeant
873 1949 911 2018 et
928 1945 1147 2021 combustae
1166 1968 1215 2021 ne
1247 1949 1334 2042 plus
1367 1971 1482 2043 quam
1508 1956 1637 2045 partes

446 2071 494 2144 13
515 2070 650 2144 cineris
669 2071 891 2164 relinquant.
1216 2088 1223 2097 '

549 2196 603 2271 Ne
631 2203 909 2272 commutentur
939 2200 1127 2274 anthodiis
1159 2198 1421 2299 Chrysantloni
1451 2202 1638 2276 Parthenii

443 2323 586 2421 (Pers.)
605 2329 643 2398 et
669 2322 931 2421 Chrysantlremi
952 2327 1093 2400 inodori
1121 2329 1200 2420 (Li,
1230 2331 1465 2424 receptaculo
1493 2331 1637 2406 medul-

441 2452 538 2541 loso,
562 2504 572 2523 .
594 2471 665 2524 nec
712 2452 901 2527 anthodiis
952 2452 1176 2527 Anthemidis
1225 2456 1434 2530 Auotrioooo
1480 2453 1515 2556 (J
1519 2462 1636 2552 acu),

446 2577 666 2652 Anthonium
680 2580 834 2652 aroensis
846 2580 913 2672 (L.)
928 2586 966 2654 et
983 2581 1206 2655 Anthemiou
1226 2581 1371 2656 Cotuloe
1380 2584 1457 2675 (L),
1469 2591 1635 2679 recepta-

444 2707 528 2780 culo
556 2711 751 2800 praeterea
773 2708 890 2801 paleis
910 2707 1033 2783 obsito
1062 2710 1169 2784 facile
1198 2699 1501 2814 dignoscendifft‘x

841 3031 1029 3167 liores
1059 3033 1235 3168 Oinoe.

550 3252 741 3325 nemora
764 3252 855 3326 Cina
891 3252 1013 3346 Berg‚
1052 3255 1181 3348 planta
1209 3255 1450 3329 suffruticosa
1476 3255 1516 3330 in
1543 3255 1636 3329 Tur·

442 3378 610 3452 kestania
628 3400 812 3452 crescens.

548 3504 740 3579 Anthodia
775 3506 980 3599 pauciflora
1016 3508 1147 3582 clausa
1183 3508 1320 3582 siccata
1366 3486 1636 3602 oblongo-sub-

440 3632 665 3726 prismatica,
708 3634 949 3727 subgibbosa‚
993 3637 1128 3709 coloris
1161 3635 1635 3727 subviridi-iuscescentm,

443 3761 547 3832 3-4
563 3759 780 3833 minimeua·
793 3761 917 3854 longa,
940 3762 1155 3854 subglabra,
1178 3761 1379 3852 subnitida,
1400 3763 1637 3856 peranthodii

438 3886 574 3960 foliolis
592 3908 751 3961 numero
772 3888 927 3963 1s—18
945 3889 1232 3978 subimbricatiS,
1249 3889 1485 3964 inferioribus
1500 3891 1632 3982 oratis,

439 4015 696 4107 superioribus
739 4013 911 4107 oblongis
954 4016 1026 4089 late
1076 4015 1632 4111 membranaceo-marginatis,

438 4140 551 4215 dorso
563 4142 736 4216 carinatis
748 4146 785 4215 et
796 4141 984 4234 glandulis
996 4142 1163 4235 globosis
1178 4142 1489 4235 velsubglobosis
1509 4144 1633 4219 aureis

437 4269 627 4362 inspersis,

545 4397 586 4470 ln
622 4397 818 4497 superficie
856 4402 1010 4471 externa
1047 4397 1260 4470 foliolorum
1296 4396 1543 4490 peranthodii,
1583 4399 1632 4472 ad

438 4545 569 4598 eorum
603 4524 779 4612 carinam,
815 4545 887 4617 ope
921 4523 1156 4617 microscopii
1184 4522 1434 4597 observantur
1465 4524 1530 4618 pili
1558 4525 1631 4597 rari

436 4650 538 4744 longi
571 4650 724 4744 collapsi
752 4652 1040 4725 taeniaeiormes
1070 4651 1273 4745 serpentini
1304 4672 1497 4726 unacum
1527 4653 1631 4745 glan·
1729 4733 1733 4742 ,
