3725 5400
491 871 815 1009 Alunioiun
851 873 1182 1010 sulfnicun.

347 1128 484 1204 liusta
511 1130 725 1224 crystallina
752 1132 849 1223 alba,
875 1131 914 1205 in
935 1154 1037 1225 aqua
1055 1131 1191 1225 frigida
1209 1131 1328 1221 facile,
1347 1133 1435 1206 faci·

240 1256 314 1332 lius
332 1257 372 1331 in
389 1258 533 1331 fervida
550 1258 736 1333 solubilia.

349 1384 491 1459 Solutio
525 1406 684 1478 aquosa,
718 1386 919 1460 coactionis
955 1385 1139 1475 aridulae,
1174 1385 1323 1479 saporis
1341 1385 1438 1459 acidi

240 1512 529 1609 constringentis
590 1512 778 1589 solutione
838 1513 946 1606 baryi
1006 1513 1129 1587 nitrici
1184 1513 1436 1587 sedimentum

239 1640 397 1734 praebet
415 1639 544 1714 album
570 1640 611 1715 in
633 1640 750 1715 acidis
777 1640 991 1730 insolubile,
1021 1640 1121 1738 kalio
1148 1639 1435 1733 hydrooxydato

239 1768 365 1842 soluto
402 1768 688 1862 praecipitatum
720 1769 849 1843 album
887 1767 1150 1861 gelatinosum,
1194 1767 1297 1861 quod
1329 1789 1434 1842 exce·

240 1895 353 1969 dante
370 1895 469 1969 kalio
487 1895 775 1988 hydrooxydato
795 1895 947 1988 limpide
969 1895 1136 1970 solvitur.

348 2021 491 2096 Solutio
503 2044 652 2115 aquosa
660 2022 838 2096 Aluminii
848 2022 1015 2097 sulfinici
1026 2025 1060 2113 (l
1076 2023 1201 2115 :ibt
1212 2022 1261 2095 sit
1271 2021 1435 2109 decolor;

240 2149 349 2223 acido
382 2149 670 2243 hydrochlorico
704 2150 891 2223 acidulata
922 2171 1023 2242 aqua
1050 2150 1360 2242 hydrosuliurata
1387 2169 1436 2221 ne

239 2281 415 2366 mutetur,
450 2298 521 2352 nec
551 2277 677 2351 addito
705 2276 895 2350 volumina
924 2277 1073 2371 aequali
1101 2276 1299 2350 solutionis
1327 2275 1437 2349 natrii

238 2404 1435 2497 tbiosuliuricidecinormalisplusquamopalescanterturbetur;

240 2531 369 2606 addito
389 2532 580 2606 ammonio
600 2533 784 2606 sulfurato
798 2532 1085 2626 praecipitatum
1101 2532 1228 2604 album
1245 2530 1435 2625 praebeat.

347 2659 547 2735 Minimas
580 2665 786 2752 grammate
820 2662 836 2733 1
879 2658 1057 2734 Aluminii
1092 2658 1261 2734 sulfurici
1291 2657 1438 2731 contriti

242 2793 280 2863 et
293 2788 416 2863 calore
436 2789 536 2860 100Ο
554 2788 682 2862 siccati
701 2793 771 2862 ete
788 2788 1013 2862 centimctn‘s
1034 2787 1174 2861 cubicis
1197 2788 1219 2860 3
1239 2784 1436 2860 solutionis

242 2915 367 2990 sionni
386 2915 541 2989 chlorati
559 2920 693 3009 parata
717 2915 815 3002 inter
832 2915 968 2988 boram
996 2915 1160 2988 colorem
1180 2912 1436 2987 obscuriorem

241 3064 291 3118 ne
311 3043 496 3118 adsumat

694 3364 987 3500 Ammonia.

350 3623 491 3716 liquor
507 3623 684 3717 limpidus
705 3623 867 3712 decolor,
897 3622 1069 3711 volatilis,
1091 3622 1218 3695 odoris
1237 3620 1436 3714 peculiaris

236 3751 473 3844 ⁴penetrantis
497 3751 709 3844 pungentis
740 3750 888 3843 saporis
912 3749 1080 3838 caustici‚
1101 3747 1299 3821 coactionis
1316 3747 1436 3840 peral-

236 3877 396 3967 calinae,
416 3875 596 3970 ponderis
616 3877 780 3970 specifici
798 3878 898 3950 0·96.

349 4004 467 4078 Acido
490 4003 775 4096 hydrochlorico
800 4004 953 4077 admoto
979 4001 1139 4077 nebulas
1165 4002 1272 4074 albas
1297 4001 1436 4074 densas

152 4161 155 4166 ⁴
240 4131 389 4205 format

349 4258 551 4333 Ammonia
587 4259 695 4333 acido
734 4258 875 4333 acetico
914 4261 1198 4351 supersaturata
1239 4277 1308 4330 nec
1337 4277 1438 4349 aqua

241 4385 558 4477 hydrosuliurata,
606 4408 677 4460 nac
720 4385 910 4460 ammonio
948 4384 1092 4458 oxalico
1131 4389 1167 4457 et
1213 4384 1246 4456 si
1287 4383 1436 4456 acidum

242 4512 415 4588 nitricum
440 4513 619 4588 adieceris
641 4514 828 4589 solutione
847 4534 918 4588 nec
932 4511 1040 4605 baryi
1058 4510 1187 4600 uitrici,
1207 4531 1276 4584 noc
1296 4507 1437 4602 argenti

241 4639 361 4714 nitrioi
378 4640 559 4715 turbetur.
