3725 5400
546 649 641 719 letti
661 649 772 720 cltrlcl
1400 654 1541 742 partam
1614 649 1630 720 1

546 778 660 865 Aquae
788 832 792 841 .
1463 796 1496 870 q.
1516 796 1544 847 s.

513 901 562 974 ad
586 900 792 993 perfectam
816 901 1055 991 solutionem,
1075 921 1190 992 quam
1208 899 1384 974 filtratam
1403 920 1568 993 evapora
1586 900 1635 974 ad

438 1027 652 1101 siccitatem.

480 1248 483 1255 ι
546 1154 673 1228 Massa
691 1154 907 1246 crystallina
926 1155 1024 1239 alba,
1043 1152 1192 1247 saporis
1213 1154 1330 1228 amari
1349 1154 1527 1245 subsalsi,
1544 1159 1634 1228 tem·

437 1285 613 1375 paratura
634 1281 897 1355 1040-108Ο
919 1281 1141 1375 liquescens,
1169 1282 1389 1356 candefacta
1422 1282 1635 1374 deflagrans

438 1408 542 1481 nullo
557 1407 707 1482 residuo
726 1408 853 1482 relicto
859 1430 868 1496 ;
890 1408 1062 1483 facillime
1082 1408 1249 1482 solubilis
1268 1408 1635 1503 inaqua,inspi1itu

439 1533 514 1606 vini
533 1533 626 1607 etin
646 1535 920 1625 chloroformm,
940 1534 1125 1609 difficilius
1144 1535 1182 1608 iu
1202 1535 1362 1609 aethere.

549 1659 691 1734 solutio
728 1672 884 1753 aquosa,
916 1662 1116 1735 reactionis
1150 1661 1328 1749 acidulae,
1366 1661 1493 1736 addito
1528 1661 1636 1737 acido

439 1786 570 1862 nitrien
589 1787 755 1861 fumante
776 1788 940 1863 colorem
960 1794 1125 1863 saturate
1144 1788 1300 1862 viridem
1317 1789 1447 1863 induit.

550 1915 811 2008 Antipyrinum
849 1904 1223 1990 Gcffctno-citricum
1255 1936 1342 1990 cum
1372 1916 1478 1990 acido
1503 1915 1635 1990 uitrico

441 2043 699 2116 humectatum
717 2047 754 2115 et
773 2042 811 2114 in
827 2042 962 2116 balneo
983 2064 1104 2134 aquae
1124 2043 1303 2116 siccatum
1322 2043 1516 2118 residuum
1536 2044 1636 2117 colo·

441 2170 492 2242 ris
509 2168 727 2244 flavo-rubri
758 2169 945 2262 relinquit,
979 2170 1044 2261 qui
1076 2174 1184 2243 caute
1217 2169 1344 2243 addita
1376 2170 1566 2245 ammonia
1597 2170 1635 2244 in

442 2296 605 2370 colorem
624 2296 841 2369 coccineum
860 2301 1148 2370 evanescentem
1165 2297 1310 2370 transit.

542 2663 1135 2849 Amltpvrtncam
1173 2710 1536 2850 salienti·
1670 2728 1677 2742 ·

521 2947 523 2952 -
897 2871 1180 3013 cumi)

540 3097 735 3183 ¹Lamellae
756 3096 990 3189 crystallinae
1015 3096 1121 3170 albae
1142 3096 1392 3190 splendentes,
1418 3097 1564 3191 saporis
1589 3118 1635 3171 ex

444 3225 579 3298 acerbo
606 3224 824 3298 dulciusculi
851 3230 932 3296 tum
961 3223 1105 3312 aciduli,
1135 3228 1389 3317 temperatura
1418 3224 1631 3298 910-92ο

442 3352 704 3445 liquescentes
719 3352 759 3424 in
774 3359 860 3424 aere
880 3351 1082 3424 calefactae
1103 3352 1183 3450 sine
1203 3352 1354 3424 residuo
1375 3351 1635 3443 deflagranteS,

441 3479 546 3553 facile
566 3477 744 3552 solubiles
762 3478 801 3551 in
816 3478 947 3571 spiritu
961 3478 1036 3552 vini
1051 3482 1088 3551 et
1104 3478 1143 3550 in
1158 3478 1434 3567 chlorolormic,
1451 3477 1636 3552 difficilius

439 3607 478 3679 in
493 3629 593 3700 aqua
607 3606 696 3680 etin
711 3606 870 3679 aethere.
888 3605 1030 3679 Solutio
1052 3627 1198 3698 aquosa
1210 3605 1408 3680 reactionis
1424 3605 1551 3679 acidae
1567 3610 1635 3679 est

549 3733 705 3807 Ferrum
724 3732 1067 3840 sesquichloratum
1086 3734 1252 3806 solutum
1272 3734 1513 3826 superfusum
1533 3733 1635 3806 Anti-

438 3861 572 3954 pyrino
592 3839 777 3952 salieylico
797 3861 962 3933 colorem
979 3860 1188 3934 violaceum
1209 3859 1329 3934 efficit.

553 3990 695 4063 Solutio
730 3988 937 4080 Antipyrini
971 3989 1146 4081 salicyliei
1179 4009 1334 4082 aquosa,
1373 3987 1499 4061 addito
1526 3985 1634 4061 acido

443 4117 573 4191 nitrien
592 4117 760 4191 fumante
781 4116 946 4189 colorem
966 4120 1132 4189 saturata
1150 4115 1305 4188 vindam
1325 4115 1436 4188 ducit.

548 4244 845 4335 Decigrammata
879 4242 901 4315 5
927 4242 1136 4335 Antipyrini
1169 4240 1343 4333 salicylici
1371 4241 1496 4314 addito
1526 4240 1633 4315 acido

441 4371 618 4445 sulfurico
647 4369 763 4443 diluto
793 4391 879 4442 cum
908 4370 1060 4442 aethere
1088 4370 1250 4462 perfecte
1280 4372 1455 4457 extracta,
1481 4369 1634 4442 aethere

440 4539 655 4549 ...—

518 4588 519 4592 ¹
548 4619 572 4687 *t
584 4617 708 4673 Occurrit
720 4619 748 4672 in
761 4622 915 4674 mercatura
927 4619 980 4671 sub
993 4617 1104 4670 nomine
1119 4616 1296 4685 „Salipyrtna
