3725 5400
702 480 944 554 -243-

227 700 409 775 sulfurato
460 704 646 783 mutatum
698 698 829 773 eadem
891 699 999 773 acido
1051 699 1182 774 nitrico
1234 700 1422 775 acidulata

225 833 381 921 argento
399 826 532 901 nitrico
553 825 601 900 ad
620 847 815 901 summum
834 827 1039 920 opalescat.

334 954 503 1029 Miscella
535 974 557 1027 e
589 959 795 1047 grammate
822 954 1005 1045 Magnesii
1041 954 1210 1029 sulfurici
1243 958 1280 1028 ct
1308 955 1421 1030 centi-

225 1084 355 1159 metris
374 1082 515 1157 cubicis
548 1085 570 1156 3
600 1082 799 1157 solutionis
828 1081 957 1156 stanni
985 1082 1145 1156 chlorati
1173 1082 1271 1156 intra
1288 1081 1422 1155 horam

226 1211 390 1285 colorem
408 1212 560 1285 fuscum
582 1232 630 1284 ne
649 1209 816 1303 accipiat
843 1208 1078 1302 Magnesiam
1106 1210 1328 1283 salsanicum
1356 1208 1420 1282 filo

226 1337 392 1430 platineo
425 1337 600 1411 flammae
633 1336 829 1409 admotum
861 1337 960 1409 hanc
992 1355 1053 1424 nc,
1096 1335 1171 1409 nisi
1202 1334 1420 1409 brevissime

225 1464 352 1538 colore
371 1464 470 1537 flavo
489 1463 639 1537 inficiat

368 1716 702 1887 Magnesiam
730 1713 1041 1850 suliuricnn
1070 1715 1283 1850 siccin.

334 1937 571 2031 Magnesium
609 1937 832 2010 sulfuricum
869 1936 954 2009 loco
1000 1936 1129 2030 tepido
1167 1936 1246 2012 sive
1284 1939 1420 2011 balneo

225 2086 348 2159 aquae
366 2064 556 2138 interdum
576 2063 753 2156 agitando
774 2063 998 2156 expositum,
1025 2064 1177 2138 demum
1195 2065 1295 2139 ultra
1316 2066 1417 2139 1000

227 2192 458 2281 calefactum,
480 2192 602 2265 donec
617 2191 668 2264 36
685 2190 829 2264 circiter
846 2197 974 2284 partes
995 2192 1222 2265 centesimas
1241 2193 1420 2286 ponderis

226 2318 398 2409 amiserit,
426 2318 465 2392 in
483 2318 677 2413 pulverem
696 2318 824 2391 album
853 2317 1031 2391 subtilem
1050 2318 1235 2409 dilabitur,
1264 2319 1329 2413 qui
1348 2321 1419 2394 sub

226 2447 378 2522 nomine
397 2468 513 2540 supra
532 2446 630 2520 dieto
650 2450 803 2539 praesto
824 2446 881 2519 sit

717 2753 928 2886 Manna

337 2989 517 3063 Fraxinus
554 2988 670 3062 Ornus
708 2989 761 3080 L.‚
802 2992 914 3064 arbor
951 2992 988 3064 in
1017 2991 1168 3087 Europa
1205 2994 1423 3068 austraiicrc

228 3118 416 3211 indigena,
435 3118 474 3192 in
494 3116 618 3191 Sicilia
638 3118 747 3192 culta

340 3245 484 3320 Succus
505 3245 749 3319 saccharinus
780 3267 799 3319 c
823 3246 965 3320 truncis
985 3246 1131 3320 arboris
1152 3248 1273 3324 cultae
1292 3249 1420 3323 vulne-

230 3373 321 3448 ratis
341 3372 497 3461 atillans,
519 3379 604 3446 aere
623 3372 821 3447 induratus
841 3378 878 3446 et
897 3373 1071 3448 siccatua

338 3498 575 3574 Adhibcatur
594 3499 740 3593 species
760 3501 895 3602 mercis
914 3501 1054 3595 optima
1072 3508 1165 3575 nota
1183 3504 1254 3576 sub
1274 3504 1425 3578 nominc

232 3627 370 3701 Manna
388 3625 587 3700 cannulata.

340 3753 444 3828 Sistit
467 3754 588 3827 frusta
606 3753 823 3847 crystallina
845 3755 1083 3849 planiuscula
1107 3758 1429 3833 subcanaliculata

230 3883 291 3956 vel
309 3880 609 3975 subprismatica,
629 3881 797 3955 obsoleta
815 3881 973 3975 trigona
993 3882 1105 3973 sicca,
1136 3883 1304 3976 friabilia,
1330 3885 1427 3960 dcci·

232 4012 394 4083 metrum
423 4013 460 4081 et
487 4010 584 4081 ultra
610 4008 733 4103 longa,
775 4008 880 4082 9-4
918 4009 1137 4083 centimetra
1168 4010 1256 4101 lata,
1292 4013 1428 4086 eoloris

232 4134 342 4210 albidi
362 4137 421 4210 vel
441 4135 762 4224 subdavesccntis,
782 4136 930 4229 saporis
949 4158 1042 4230 pure
1063 4136 1193 4211 dulcis.

340 4263 470 4337 Massa
506 4284 639 4336 eorum
676 4265 754 4337 fere
801 4264 965 4356 perfecte
1011 4265 1168 4340 solvitur
1204 4265 1243 4339 in
1281 4269 1430 4359 aequali

232 4390 399 4484 pondere
428 4411 549 4483 aquae
578 4392 753 4481 fervidae,
789 4390 956 4464 maxima
981 4414 1028 4466 ex
1055 4397 1161 4486 parte
1190 4394 1230 4467 in
1259 4394 1429 4488 partibus

233 4518 285 4591 dd
313 4515 466 4613 spiritus
494 4517 571 4591 vini
608 4519 823 4611 coquendo;
869 4519 1007 4594 solutio
1046 4519 1251 4613 spirituosa
1292 4521 1429 4596 filtrata

230 4644 486 4739 refrigerando
506 4645 649 4719 sensim
680 4646 873 4738 crystallos
892 4646 1050 4720 manniti
1069 4647 1245 4742 copiosas
1265 4649 1428 4742 deponit.

1160 4787 1210 4842 n*
