3725 5400
902 459 1142 532 -aco-

535 677 753 751 Grammata
773 679 796 751 3
816 677 911 751 Kalii
938 677 1212 769 hydrooxydati
1237 677 1352 751 soluti
1380 697 1481 769 aqua
1505 676 1623 750 diluta

428 804 563 877 additis
600 805 713 896 guttis
750 803 943 879 nonnullis
972 803 1170 877 solutionis
1207 803 1542 899 phenolphtaleini,
1580 808 1623 876 ut

424 936 559 1005 neutra
578 931 750 1019 evadant,
771 931 990 1005 centimetra
1008 932 1141 1004 cubica
1159 932 1354 1007 tto-18
1370 930 1466 1005 acidi
1484 930 1621 1023 hydro

426 1056 577 1131 chlorici
595 1059 776 1131 normalis
796 1065 1033 1132 consumant

536 1184 712 1259 Ceterum
757 1185 904 1259 Kalium
950 1185 1280 1278 hydrooxydatum
1330 1188 1497 1260 solutum
1534 1206 1623 1276 erga

426 1311 618 1404 reagentia
637 1333 679 1386 se
698 1313 836 1386 habeat
854 1317 896 1387 ut
913 1313 1056 1386 katium
1079 1313 1421 1407 hydrooxydatum.

652 1654 863 1789 Kaliun
892 1654 1396 1823 hydrotartaricun.

536 1911 694 1985 Crustae
718 1912 956 2004 crystallinae
980 1912 1100 1999 albae,
1131 1912 1209 1985 sive
1233 1912 1357 2007 pulvis
1386 1912 1623 2004 crystallinus

426 2039 548 2126 albus
570 2039 717 2132 saporis
737 2037 844 2125 acidi,
874 2038 1101 2132 inpartibus
1121 2038 1267 2112 circiter
1286 2037 1366 2111 000
1385 2059 1507 2131 aquae
1525 2039 1623 2131 bigi-

428 2165 510 2253 dae,
539 2166 578 2239 in
608 2166 659 2238 00
678 2166 847 2259 partibus
875 2187 997 2259 aquae
1025 2166 1212 2239 bullientis
1232 2165 1417 2253 solubilis;
1447 2166 1624 2240 solutioni

427 2291 513 2364 kalii
527 2292 716 2366 sarbonici
729 2292 919 2366 immixtus
935 2292 1007 2367 sub
1022 2293 1304 2366 effervescentia
1314 2293 1478 2367 solvitur.
1491 2293 1624 2367 Ferve-

428 2418 550 2492 iactus
589 2418 745 2492 odorem
783 2420 954 2493 sacchari
989 2420 1078 2493 tosti
1120 2419 1272 2512 spargit,
1316 2419 1552 2494 carbonescit
1588 2426 1625 2494 et

428 2567 596 2618 massam
607 2546 802 2619 alcalinam
812 2547 997 2639 relinquit,
1018 2568 1115 2639 quae
1126 2568 1197 2640 ope
1212 2546 1263 2619 fili
1281 2546 1433 2640 platinei
1450 2548 1624 2621 flammae

430 2672 593 2761 admota,
613 2673 713 2749 hanc
731 2675 856 2748 colore
874 2674 1041 2749 violaceo
1060 2674 1186 2749 inficit

539 2800 756 2874 Grammata
775 2802 798 2874 0
818 2803 983 2896 pulveris
1011 2802 1050 2875 in
1079 2803 1257 2893 grammis
1278 2803 1328 2875 00
1349 2823 1469 2895 aquae
1498 2802 1625 2876 addita

430 2926 637 3001 sufficiente
668 2929 858 3003 ammonia
881 2929 1011 3020 ¹soluta
1028 2930 1213 3021 liquorem
1232 2929 1448 3023 praebeant,
1471 2930 1534 3022 qui
1554 2951 1624 3002 nec

429 3075 530 3147 aqua
556 3055 863 3147 hydrosuliurata
900 3060 1077 3144 mutetur,
1107 3077 1177 3129 nec
1206 3056 1314 3130 acido
1343 3056 1474 3130 nitrico
1504 3055 1621 3130 diluto

428 3181 641 3256 acidulatus
666 3188 703 3256 et
726 3183 885 3256 filtratus
923 3184 1042 3277 baryo
1080 3183 1213 3258 nitrico
1245 3184 1426 3272 turbetur,
1466 3188 1623 3276 argento

428 3308 561 3386 uitrico
581 3310 845 3384 tantummodo
865 3311 998 3384 leniter
1017 3311 1223 3403 opalescat

538 3434 686 3509 Kalium
708 3437 1048 3530 hydrotartaricum
1072 3459 1159 3511 cum
1187 3439 1308 3511 natrio
1336 3436 1623 3531 hydrooxydato

430 3563 554 3635 soluto
575 3562 796 3636 calefactum
815 3564 1046 3638 ammoniam
1064 3585 1112 3638 ne
1132 3564 1284 3638 emittat

538 3688 704 3763 Miscella
723 3712 743 3762 e
763 3701 969 3782 grammate
988 3692 1153 3786 pulveris
1172 3690 1266 3764 lialii
1284 3690 1569 3785 hydrotartarici
1589 3696 1627 3764 et

430 3814 657 3889 centimetris
677 3815 817 3890 cubicis
838 3820 861 3891 5
881 3818 979 3891 acidi
996 3818 1126 3892 acetici
1146 3817 1249 3892 diluti
1268 3823 1399 3910 parata
1417 3823 1455 3891 et
1472 3817 1625 3910 saepius

429 3941 605 4035 agitando
619 3963 687 4036 per
702 3944 930 4018 semihoram
945 3946 1122 4040 seposita,
1140 3945 1226 4018 dein
1241 3943 1467 4018 centimetris
1483 3943 1626 4017 cubicis

430 4072 480 4145 05
502 4092 622 4164 aquae
643 4071 769 4160 diluta,
796 4073 1006 4147 sedimento
1027 4074 1210 4167 deposito,
1232 4094 1300 4166 per
1324 4071 1624 4146 decantationem

429 4199 611 4291 liquorem
634 4197 829 4291 limpidum
847 4201 1037 4293 praebeat,
1059 4201 1123 4293 qui
1142 4199 1278 4272 additis
1298 4198 1412 4290 guttis
1431 4198 1624 4271 nonnullis

430 4327 484 4416 (8)
501 4326 698 4398 solutionis
718 4328 897 4400 ammonii
911 4329 1044 4401 oxalici
1063 4329 1159 4401 inter
1178 4328 1364 4400 minutum
1383 4347 1431 4400 ne
1451 4330 1625 4399 mutetur.
