3725 5400
917 486 1155 560 -000-

718 701 1349 838 lodoromtum.

542 883 669 958 Pulvis
716 884 1087 980 microcrystallinuS,
1139 892 1243 962 tactu
1288 889 1450 984 pinguis,
1494 891 1629 965 coloris

436 1011 566 1103 citrini,
600 1012 728 1086 odoris
759 1014 890 1103 crocei,
921 1016 1068 1110 saporis
1097 1016 1233 1108 ingrati
1265 1017 1396 1090 iodum
1428 1018 1628 1109 monentis,

432 1146 687 1235 temperatura
706 1141 850 1215 circiter
872 1142 972 1216 100Ο
995 1143 1218 1235 liquescens
1247 1142 1291 1218 10
1314 1166 1414 1236 aqua
1434 1144 1509 1219 fere
1528 1145 1628 1220 inso-

432 1269 568 1359 10111110,
598 1267 754 1342 solvitur
784 1268 823 1341 in
856 1270 1027 1364 partibus
1061 1271 1112 1344 50
1141 1271 1293 1366 spiritus
1317 1272 1393 1346 vini
1424 1272 1555 1365 frigidi,
1590 1274 1629 1347 in

432 1396 601 1491 partibus
621 1396 764 1470 circiter
786 1396 835 1470 10
855 1397 1008 1491 spiritus
1022 1398 1097 1471 vini
1112 1399 1335 1489 0500100110,
1355 1400 1582 1493 inpartibus
1603 1402 1626 1474 6

432 1524 607 1598 aetheris.
629 1523 724 1598 Cum
738 1524 942 1618 vaporibus
963 1546 1086 1618 aquae
1106 1526 1293 1601 bullientis
1313 1531 1503 1621 evaporat
1523 1527 1626 1601 Cale·

430 1652 552 1726 factus
603 1652 776 1745 liquescit
819 1657 856 1726 01
907 1653 1194 1747 decomponitur
1240 1674 1402 1748 vapores
1441 1655 1626 1730 violaceas

431 1780 618 1854 emittens.

538 1907 838 1999 Decigrammata
862 1910 884 1982 5
905 1907 1119 1981 lodoformii
1144 1929 1232 1982 curn
1255 1909 1435 2001 grammis
1455 1911 1478 1983 5
1504 1930 1625 2003 aquae

429 2056 496 2128 per
515 2034 700 2108 minutum
720 2040 975 2128 conquassata
993 2034 1172 2108 filtratum
1190 2036 1385 2129 limpidum
1408 2036 1623 2130 praebeant,

429 2162 533 2255 quod
551 2162 678 2235 addita
706 2162 891 2235 solutione
921 2162 1064 2255 argenti
1092 2162 1211 2236 uitrici
1244 2163 1507 2237 tantummodo
1536 2184 1624 2258 opa-

427 2290 556 2379 lescat,
577 2288 764 2363 solutione
784 2289 888 2383 baryi
907 2288 1026 2363 uitrici
1046 2312 1094 2364 nc
1113 2295 1288 2365 mutetur.

536 2418 795 2509 Decigramma
812 2417 1028 2491 lodoformii
1056 2418 1278 2492 calefactum
1306 2419 1501 2493 residuum
1529 2440 1621 2512 pon·

428 2545 592 2619 derabile
610 2567 658 2619 ne
678 2545 872 2638 relinquat.

537 2672 712 2747 Servetur
730 2672 770 2746 in
788 2694 878 2746 vase
897 2673 1014 2747 vitreo
1035 2672 1173 2769 optime
1193 2673 1332 2748 clauso.

859 2927 1176 3038 ludum.

534 3110 704 3204 Crystalli
724 3110 992 3184 rhomboideae
1011 3111 1232 3204 plerumque
1251 3111 1472 3198 1010000000,
1493 3111 1620 3184 metal-

424 3239 493 3313 lice
512 3239 766 3333 splendentcS,
788 3238 923 3311 coloris
948 3261 969 3311 c
992 3238 1100 3328 nigro
1120 3237 1243 3329 grisei,
1264 3236 1391 3310 odoris
1410 3237 1619 3331 peculiaris,

423 3367 463 3440 10
491 3388 765 3461 comparum,
798 3365 838 3439 in
869 3366 1038 3459 partibus
1072 3365 1120 3437 10
1154 3365 1306 3459 spiritus
1324 3365 1410 3454 vini,
1444 3364 1550 3438 facile
1582 3364 1621 3437 in

424 3494 610 3569 solutione
629 3494 716 3567 kalii
734 3493 862 3582 iodati,
884 3493 922 3566 in
942 3493 1105 3581 aethere,
1131 3493 1170 3565 in
1195 3491 1461 3565 chloroformio
1485 3496 1522 3565 et
1541 3512 1619 3565 car·

423 3622 546 3695 boneo
567 3621 749 3695 sulfurato
775 3620 965 3693 solubiles
986 3618 1200 3693 Solutiones
1219 3619 1295 3692 iodi
1313 3619 1352 3692 in
1377 3639 1489 3712 aqua,
1519 3620 1619 3693 solu·

421 3749 522 3822 11000
542 3748 627 3822 10111
641 3748 766 3838 iodati,
787 3748 919 3842 spiritu
933 3747 1008 3819 vini
1028 3751 1065 3820 et
1078 3747 1229 3820 aethere
1249 3750 1339 3820 sunt
1357 3746 1491 3820 coloris
1510 3746 1618 3836 fusci,

422 3877 630 3950 solutiones
648 3875 688 3949 in
707 3875 972 3948 chloroformio
997 3877 1035 3947 et
1062 3874 1249 3947 carbonen
1269 3874 1453 3947 sulfurato
1483 3872 1618 3947 coloris

420 4004 585 4078 violacei.
607 4002 777 4096 Crystalli
797 4003 996 4075 calefactae
1025 4001 1238 4092 liquescunt
1261 4006 1298 4074 01
1321 4022 1481 4094 vapores
1505 4000 1617 4073 viola·

422 4153 510 4205 ceos
539 4133 779 4206 efformantes
807 4129 957 4223 penitus
987 4128 1148 4201 avolant.
1187 4128 1331 4202 Solutio
1365 4127 1443 4200 lodi
1471 4147 1616 4221 aquosa

421 4259 546 4333 addita
566 4259 752 4332 solutione
772 4256 884 4348 amyli
903 4256 1068 4329 colorem
1088 4256 1303 4328 caeruleum
1321 4253 1444 4328 trahit

527 4404 823 4497 Decigrammata
859 4403 923 4476 05
963 4401 1043 4475 lodi
1077 4421 1163 4474 cum
1201 4401 1379 4493 grammis
1416 4401 1465 4474 10
1494 4420 1615 4492 aquae

419 4532 577 4607 contrita
608 4531 786 4605 filtratum
818 4529 1033 4623 praebcant,
1074 4527 1187 4621 quod,
1223 4527 1433 4601 sufficiente
1470 4526 1615 4620 quanli·

417 4665 493 4735 tate
521 4660 617 4735 acidi
644 4657 822 4734 sulfurosi
856 4657 1125 4742 decoloratum,
1165 4654 1251 4728 dein
1289 4655 1475 4727 solutione
1503 4653 1614 4727 natrii
