3725 5400
907 500 1149 572 —270-

538 718 674 793 Oleum
691 718 832 811 pingue
862 718 1141 812 esarcocarpio
1170 718 1363 790 fructuum
1392 723 1626 791 mabnornm

429 846 673 940 expressione
693 845 826 937 frigida
845 845 1052 918 obtentam.

536 972 595 1045 Ad
640 994 756 1045 usum
801 971 1148 1066 pharmaceuticum
1194 970 1346 1045 nonnisi
1382 971 1625 1066 purissimum

428 1100 651 1175 adhibeatur
671 1099 807 1173 coloris
832 1099 917 1172 ttavi
945 1100 1004 1172 vel
1034 1122 1054 1172 e
1082 1099 1189 1172 viridi
1217 1098 1312 1188 ssavi
1341 1099 1487 1192 saporis
1512 1099 1623 1189 mitis,

426 1229 554 1302 odoris
573 1227 666 1301 levis
689 1227 900 1321 peculiaris,
921 1226 1101 1321 ponderis
1130 1226 1295 1320 specifici
1314 1226 1626 1301 0915-0918,

427 1354 558 1429 Calore
588 1354 733 1429 circiter
764 1356 836 1427 10⁰
860 1353 1046 1446 rigescere
1075 1354 1212 1447 incipit,
1243 1359 1497 1449 temperatura
1515 1359 1563 1428 0ο
1586 1357 1625 1430 in

425 1505 594 1557 massam
613 1483 774 1556 solidam
793 1481 997 1575 spissescit.

536 1610 762 1684 Centimetra
782 1609 914 1682 cubica
933 1608 1014 1683 Olei
1032 1609 1081 1681 10
1099 1630 1184 1681 cum
1200 1609 1426 1682 centimetris
1443 1609 1583 1682 cubicis
1600 1610 1623 1683 5

425 1745 462 1813 et
481 1736 579 1812 acidi
596 1737 717 1811 uitrici
735 1736 914 1810 fumantis
930 1741 968 1809 et
982 1758 1103 1828 aquae
1118 1741 1372 1830 temperatura
1390 1737 1462 1809 10Ο
1480 1737 1624 1810 fortiter

425 1866 720 1959 conquassando
757 1864 884 1951 mixta,
925 1863 1126 1936 exhibeant
1157 1885 1326 1936 massam
1364 1864 1500 1938 coloris
1537 1864 1622 1937 viri·

425 1995 602 2068 descente
618 1991 741 2078 albidi,
762 2012 833 2063 nec
853 1990 957 2062 rubri
975 2011 1045 2062 nec
1065 1989 1171 2078 susci,
1198 2011 1295 2083 quae
1316 1990 1453 2083 elapsis
1472 1990 1576 2064 horis
1598 1991 1620 2064 0

423 2120 584 2194 maxime
619 2119 642 2190 6
677 2117 830 2191 secedat
866 2117 905 2189 in
943 2116 1193 2190 substantiam
1231 2117 1356 2190 albam
1393 2117 1553 2191 solidam
1586 2123 1623 2191 et

423 2247 463 2320 in
481 2246 666 2339 liquorem
684 2245 762 2317 fere
783 2244 1007 2316 decolorem.

533 2373 721 2444 Numerus
750 2370 1069 2464 saponificationis
1099 2371 1147 2443 sit
1180 2371 1403 2460 188-003,
1438 2393 1620 2445 numerus

424 2499 500 2573 iodi
521 2499 693 2573 80-85.

521 2678 814 2791 oleum
837 2679 1528 2815 phosphoraccrm.

532 2865 608 2958 Rp:
627 2865 814 2957 Phosphori
1329 2871 1471 2960 partem
1597 2865 1613 2936 1

642 2993 713 3064 olei
732 2993 846 3064 illitae
1345 2997 1470 3085 portes
1527 2991 1616 3064 949.

534 3117 682 3192 Calet'ac
696 3119 735 3192 in
749 3119 883 3211 lagena
901 3122 1155 3210 temperatura
1175 3119 1250 3190 50Ο
1273 3117 1312 3191 in
1328 3117 1466 3193 balneo
1487 3140 1632 3212 aquae,

424 3246 575 3340 saepius
606 3251 641 3318 et
658 3246 801 3320 sortiter
836 3246 1130 3338 conquassando
1167 3266 1290 3337 usque
1325 3245 1373 3317 ad
1408 3246 1619 3339 phosphori

421 3375 627 3467 perlectam
645 3372 883 3446 solutionem.
915 3371 1098 3445 Solutioni
1116 3372 1355 3463 refrigeratae
1375 3372 1472 3446 adde
1493 3373 1618 3445 denuo

421 3499 565 3573 fortiter
584 3500 877 3593 conquassando

530 3629 698 3699 Mocholis
718 3629 864 3699 absoluti
1357 3632 1481 3722 partes
1565 3628 1617 3699 50

504 3759 541 3827 et
558 3754 656 3826 filtra
675 3754 800 3827 statim
818 3776 886 3848 per
905 3753 1125 3847 gossypium
1145 3754 1378 3847 depuratum.

531 3881 586 3955 Sit
639 3882 764 3978 liquor
821 3881 998 3976 limpidus
1042 3882 1176 3954 coloris
1215 3881 1311 3971 ssavi,
1354 3881 1615 3976 phosphorum

421 4009 575 4101 quidem
594 4009 782 4098 redolens,
801 4030 849 4081 ne
871 4013 998 4081 autem
1017 4007 1176 4080 nebulas
1197 4008 1301 4081 albas
1323 4008 1504 4082 emittens.

529 4135 705 4209 Servetur
725 4158 748 4208 a
765 4137 849 4208 lucc
868 4140 1067 4208 remotum.

673 4312 854 4449 tilcun
891 4314 1010 4446 Piri
1047 4314 1370 4449 Punilionis

526 4536 640 4610 Pinna
677 4534 833 4608 Pumilio
871 4535 1058 4625 Haenke,
1108 4535 1333 4608 arbusculas
1360 4535 1614 4629 procumbens

418 4665 569 4739 socialis
588 4664 628 4737 in
651 4663 797 4757 alpibus
819 4685 1005 4737 arescens
