3725 5400
874 488 1110 561 -188-

395 705 525 793 bosae,
559 704 701 779 1-025
732 705 950 778 centimetra
981 705 1020 778 in
1048 705 1230 780 mametro
1263 707 1407 781 inferne
1433 707 1589 801 paulum

397 837 621 922 attenuatae,
643 832 805 925 glabrae,
828 855 981 907 sursum
1004 834 1470 925 tuberculosoechinatae,
1496 856 1591 908 nou·

395 962 521 1035 nullae
530 960 713 1039 foramine
731 961 874 1035 laterali
885 962 990 1035 i-3
1001 962 1211 1035 millimelra
1229 963 1354 1056 amplo
1373 962 1587 1053 instructae,

395 1089 531 1163 coloris
559 1088 900 1182 griseo-subviridis
932 1088 1048 1162 modo
1076 1090 1279 1183 pallidioris
1306 1091 1422 1163 modo
1456 1092 1591 1164 obscu-

395 1217 516 1305 rioriS,
532 1216 784 1310 ponderosae,
800 1215 927 1305 durae,
944 1217 1152 1290 substantia
1168 1216 1317 1292 interna
1335 1239 1437 1291 nunc
1456 1217 1588 1306 solida,

397 1346 620 1432 subcomea,
657 1364 759 1417 nune
795 1344 955 1433 laxiore,
995 1344 1360 1436 granulosodriabili,
1400 1345 1589 1419 interdum

396 1470 552 1559 radiata,
582 1471 718 1543 coloris
738 1471 908 1544 subfusci
942 1476 1006 1543 aut
1038 1470 1317 1562 florido-albidi,
1352 1493 1486 1545 cavum
1506 1493 1591 1545 cen·

396 1599 488 1672 trale
508 1598 715 1671 solitarium
735 1597 973 1691 sphaericum
985 1599 1210 1689 continente,
1222 1599 1369 1693 saporis
1384 1600 1589 1673 admodum

396 1726 675 1817 adstringentis

510 1855 586 1927 loo
623 1859 751 1947 partes
786 1854 922 1927 mercis
965 1875 1013 1927 ne
1055 1854 1181 1927 minus
1221 1876 1335 1947 quarn
1371 1859 1498 1948 partes
1538 1855 1591 1927 50

397 1980 550 2053 extracti
568 2001 692 2073 neque
715 1981 802 2073 plus
830 2002 945 2072 quam
973 1985 1100 2073 partes
1121 1980 1144 2052 2
1166 1980 1300 2054 cineris
1320 1981 1394 2055 albi
1419 1981 1593 2056 efficiant

645 2299 887 2435 (tolutim
924 2301 1167 2436 animalis
1204 2301 1342 2436 alba.

509 2521 678 2596 Galatina
708 2527 868 2615 purgata
906 2545 952 2595 cx
990 2523 1143 2596 ossibus
1182 2523 1398 2596 animalium
1427 2526 1591 2597 obtenta.

398 2650 500 2725 Sistit
541 2650 710 2723 lamellas
741 2653 876 2723 tenues
907 2649 1101 2724 decolores
1149 2655 1214 2724 aut
1259 2651 1334 2724 fere
1382 2651 1589 2741 decolores

396 2780 570 2868 nitentes
590 2777 807 2871 pellucidaS,
830 2777 957 2850 odoris
978 2779 1200 2872 saporisque
1229 2783 1411 2872 expertae,
1434 2780 1590 2872 quaein

397 2907 528 3000 spiritu
541 2905 617 2977 vini
632 2909 668 2977 et
686 2905 725 2977 in
745 2902 894 2977 aethere
913 2904 1146 2993 insolubiles,
1167 2906 1205 2978 in
1221 2926 1321 2998 aqna
1334 2905 1467 2999 frigida
1480 2906 1589 2980 valde

395 3036 621 3122 tumescunt,
641 3032 681 3104 in
701 3052 801 3124 aqua
818 3031 960 3104 fervida
978 3031 1083 3103 facilc
1104 3033 1255 3105 solvunt
1303 3088 1310 3105 .

502 3160 641 3252 liquor
656 3159 832 3233 obtentus
848 3158 1034 3232 solutione
1049 3159 1166 3252 partis
1181 3161 1198 3232 1
1214 3159 1404 3234 Galatinae
1419 3160 1458 3233 in
1476 3161 1588 3254 parti·

393 3288 465 3360 bus
486 3287 561 3359 100
572 3308 693 3378 aquae
708 3285 872 3358 fervidae
896 3286 1073 3379 limpidus
1093 3293 1159 3359 aut
1175 3288 1331 3380 paulum
1350 3289 1586 3381 opalescenS,

392 3413 615 3506 glutinosus
635 3412 873 3504 refrigeratus
892 3413 932 3485 in
957 3413 1157 3505 gelatinam
1176 3418 1354 3488 transeat.

501 3540 642 3613 Solutio
664 3538 854 3613 Galatinae
875 3560 1022 3632 aquosa
1039 3541 1148 3613 valde
1169 3541 1284 3614 diluta
1313 3542 1457 3616 adiecta
1484 3544 1585 3616 solu·

390 3668 490 3740 tione
506 3666 601 3740 acidi
615 3666 753 3739 tannici
768 3666 1020 3740 sedirnentum
1035 3667 1242 3741 floccosum
1262 3670 1390 3743 album
1409 3671 1583 3763 deponat.

504 3794 579 3866 100
599 3791 789 3867 Galatinae
808 3798 934 3885 partes
954 3815 1002 3866 ne
1021 3796 1106 3887 plus
1127 3817 1241 3887 quam
1259 3801 1385 3888 partes
1406 3796 1429 3868 i
1451 3796 1587 3870 cineris
1687 3797 1692 3808 '

392 3922 613 4013 relinquant.
651 3918 705 3992 Nc
743 3919 951 3992 solutiones
986 3919 1177 3996 Gelatinae
1212 3922 1478 4015 dispensentur
1513 3922 1586 3996 nisi

393 4048 651 4121 sterilesactae.

718 4296 1011 4434 blandulac
1048 4301 1253 4472 lupuli.

500 4518 678 4592 Humidus
697 4517 861 4614 Lupulas
880 4519 932 4608 L,
961 4522 1145 4596 suffrutex
1166 4523 1367 4612 scandens
1392 4523 1492 4617 apud
1511 4545 1588 4596 nos

390 4654 625 4741 spontaneus
645 4648 834 4732 cicuitus
854 4646 1086 4722 notissimus.
