3725 5400
876 418 1121 491 -4024-

401 636 506 709 diluti
526 641 563 708 et
582 637 721 710 calefac
741 637 790 710 ad
810 633 1054 710 abolitionem
1072 657 1140 729 per
1159 637 1210 709 dt)
1230 637 1377 710 minuta
1400 638 1440 710 in
1458 638 1600 712 balneo

402 784 523 855 aquae
545 763 731 836 adhibens
751 765 975 857 apparatum
992 764 1321 855 refrigeratorium.
1483 763 1485 766 ’

509 890 625 963 Plane
644 891 861 983 refrigerato
885 890 1021 983 liquori
1049 890 1146 963 adde
1167 897 1292 982 guttas
1313 892 1365 965 ΞΟ
1398 892 1598 966 solutionis

399 1019 487 1091 ferri
505 1017 673 1091 sulfurici
692 1017 843 1110 oxydati
867 1017 1086 1091 ammoniati
1113 1022 1152 1091 et
1177 1018 1265 1092 titra
1291 1040 1379 1092 cum
1408 1018 1599 1093 solutione

402 1144 582 1217 ammonii
609 1144 808 1218 rhodanati
836 1144 1080 1219 decinormali
1101 1167 1225 1237 usque
1253 1146 1303 1219 ad
1330 1147 1598 1221 colorationem

402 1270 631 1345 subrubram
648 1272 846 1346 mixturae.
1502 1280 1506 1286 '

409 1455 413 1466 .
510 1397 718 1472 Numerum
737 1400 1043 1473 centimetrorum
1063 1399 1280 1473 cubicorum
1303 1400 1501 1474 solutionis
1521 1423 1598 1473 am·

403 1526 519 1598 monii
538 1525 737 1599 rhodanati
757 1531 1069 1620 consumptomm
1094 1526 1249 1600 detrahe
1269 1549 1292 1600 a
1311 1548 1470 1600 numero
1491 1528 1542 1601 50
1562 1534 1601 1601 et
1641 1523 1646 1532 ’

402 1674 606 1726 numerum
642 1657 848 1727 restantem
865 1653 1092 1746 multiplica
1130 1677 1217 1727 cum
1250 1655 1404 1727 octat.
1441 1655 1600 1728 Summa

403 1780 491 1854 hinc
520 1786 642 1870 enata,
663 1787 721 1854 ter
741 1786 904 1876 sumpta,
925 1781 1068 1855 indicat
1084 1783 1236 1875 pondus
1257 1781 1475 1856 absolutum
1495 1782 1599 1855 iodo·

403 1908 525 1981 lormii
545 1913 765 1982 contentum
783 1909 822 1981 in
841 1908 1000 1981 materia
1017 1910 1239 1983 examinata.

403 2157 445 2240 4.
480 2156 751 2260 (lossypium
785 2157 1072 2368 miiituin
1110 2160 1156 2242 et
1182 2158 1290 2242 Tela
1325 2159 1602 2263 hydrophila

882 2305 904 2367 s
970 2305 1026 2388 cy
1046 2287 1132 2370 ata.
1357 2315 1360 2318 ·

516 2470 740 2544 Contineant
752 2477 880 2564 partes
896 2472 1123 2545 centesimas
1139 2478 1215 2545 tres
1228 2472 1283 2568 (3)
1299 2473 1395 2546 acidi
1411 2473 1600 2565 salicylici.

514 2598 572 2671 Ad
593 2599 834 2671 statuendam
854 2599 1099 2691 quantitatem
1118 2599 1214 2673 acidi
1242 2600 1419 2693 salicylici
1447 2601 1601 2674 extrahe

407 2728 575 2822 gossypii
607 2733 818 2819 grammata
850 2728 1063 2801 5-10ve1
1090 2728 1186 2802 telae
1215 2729 1462 2821 quadrantem
1495 2729 1602 2802 metri

405 2855 646 2949 longitudinis
679 2855 719 2928 in
751 2855 826 2927 olla
859 2856 978 2928 vitrea
997 2862 1084 2951 apta
1113 2857 1460 2949 superaffundendo
1490 2857 1603 2931 centi-

405 2972 526 3057 metra
549 2983 683 3078 cubica
703 2983 781 3054 200
802 2981 956 3074 spiritus
975 2981 1053 3055 vini
1073 2988 1110 3055 et
1128 2983 1340 3076 subigendo
1359 2983 1523 3078 probam
1538 2983 1603 3057 diu

405 3130 477 3203 ope
496 3110 619 3182 bacilli
637 3107 753 3182 vitrei.
1012 3120 1014 3123 “

515 3237 742 3311 Centimetra
767 3237 899 3310 cubica
935 3238 1010 3310 100
1044 3237 1200 3329 liquoris
1235 3237 1429 3332 spirituosi
1461 3239 1603 3312 obtenti

406 3363 506 3437 dilue
539 3385 626 3436 cum
660 3385 761 3456 aqua
794 3369 831 3438 et
863 3366 950 3437 titra
983 3386 1070 3437 cum
1104 3364 1291 3438 solutione
1323 3365 1434 3461 natrii
1465 3365 1603 3458 hydro·

405 3490 557 3583 oxydati
577 3491 831 3581 decinormali‚
857 3470 1084 3565 solutionem
1101 3470 1237 3565 taceae
1260 3491 1396 3565 musci
1416 3493 1604 3566 adhibens

405 3617 663 3691 indicatorem.

447 3819 455 3830 ,
516 3742 825 3839 Unumquodque
870 3746 1129 3820 centimetrum
1181 3746 1356 3819 cubicum
1403 3745 1604 3819 solutionis

405 3872 516 3945 natrii
533 3872 808 3966 hydrooxydati
829 3872 1093 3946 decinormalis
1113 3879 1380 3965 consumptum
1399 3873 1604 3967 respondet

406 4001 548 4074 doras
565 4024 617 4094 gr.
631 4001 727 4074 acidi
751 4002 937 4093 salicylici.
956 4002 1143 4076 Numerus
1159 4008 1330 4095 repertus
1349 4001 1408 4074 bis
1425 4006 1602 4096 sumptus

405 4127 543 4201 indicat
563 4130 809 4222 quantitatem
828 4129 1043 4202 absolutam
1064 4129 1160 4202 acidi
1189 4129 1367 4222 salicylici
1387 4133 1604 4202 contentam

402 4255 441 4327 in
461 4255 640 4349 gossypio
662 4261 728 4328 aut
746 4256 785 4328 in
804 4257 879 4329 tela
898 4257 1121 4353 examinata.

841 4552 1166 4561 ——--—-———-
