3725 5400
700 1156 1010 1290 Index.

1367 1497 1453 1555 Pagina

255 1570 390 1625 Praelatio
414 1606 1328 1626 ..........................
1428 1572 1452 1625 V

255 1661 377 1729 Regulus
391 1664 511 1714 cinctae
524 1660 667 1729 generales
703 1700 710 1715 .
740 1702 746 1714 .
776 1702 782 1714 .
812 1702 818 1714 .
854 1691 860 1702 ·
885 1703 1327 1716 .............
1391 1662 1451 1716 xlx

254 1749 574 1806 Notaeetiudicationes
587 1751 721 1820 speciales
737 1792 1325 1807 .................
1377 1753 1451 1808 XXII

253 1840 610 1910 Textustarmacopoeae
629 1882 1326 1898 ....................
1436 1846 1447 1897 1

208 1970 212 1977 ·
256 1931 394 1986 Elenchus
420 1931 598 1986 formularum
628 1933 843 1988 medicaminum
873 1937 1100 2003 compositorum,
1130 1950 1201 2003 quae
1231 1934 1331 1988 medici

362 2023 474 2091 saepius
487 2024 675 2091 praescribere
688 2023 779 2078 solent
790 2028 839 2078 ant
851 2040 924 2093 quae
937 2027 967 2079 in
980 2041 1064 2079 usum
1075 2024 1214 2093 publicum
1229 2025 1258 2078 in
1270 2024 1329 2080 om-

361 2115 430 2167 cinis
445 2120 556 2182 praesto
569 2114 671 2168 habero
683 2113 727 2168 vel
741 2130 774 2167 ex
788 2120 912 2183 tempore
926 2116 1091 2184 dispensare
1108 2115 1330 2185 pharmacopolis

361 2203 521 2258 conceditur
556 2243 1326 2261 ......................
1395 2209 1450 2261 494

253 2294 382 2349 Materiae
394 2295 431 2349 ed
443 2312 524 2349 usum
537 2296 728 2364 antisepticum
774 2337 1326 2353 ................
1395 2298 1446 2351 tat

253 2384 408 2453 Apparatus
421 2385 616 2454 Reagentium:

361 2477 393 2530 Α.
406 2476 558 2545 Reagentia
592 2516 1326 2535 .....................
1395 2480 1450 2534 495

362 2567 728 2624 Solutionesvolumetricae
773 2610 1325 2625 ................
1395 2570 1449 2624 499

361 2659 392 2714 Β.
407 2659 542 2714 Utensilia
555 2665 583 2714 ct
594 2661 777 2715 instrumenta
809 2701 1326 2717 ...............
1395 2662 1448 2716 431

253 2751 376 2806 Tabulae
410 2791 1325 2809 ..........................
1395 2753 1450 2807 435

252 2842 358 2896 Tabula
370 2841 391 2906 Ι,
404 2842 537 2896 exhibens
550 2842 740 2906 medicamina,
753 2859 824 2912 quae
837 2844 866 2896 in
878 2844 980 2897 scrinio
993 2843 1105 2898 secluso
1118 2843 1255 2898 servanda
1266 2848 1331 2897 sunt
1395 2844 1449 2898 437

253 2933 360 2988 Tabula
371 2932 404 2996 Π,
428 2933 561 2986 exhibens
582 2931 772 2997 medicamina,
795 2949 866 3004 quae
888 2951 906 2988 e
923 2934 1035 3002 reliquis
1050 2938 1178 3002 separata
1194 2934 1331 2989 servanda

363 3028 426 3077 sunt
446 3063 1327 3081 .........................
1397 3026 1451 3079 438

230 3114 361 3173 Δ’445514
384 3114 429 3178 ΠΙ,
455 3115 590 3169 exhibens
615 3114 698 3169 doses
722 3116 936 3170 medicaminum
960 3132 1011 3185 pro
1038 3115 1141 3180 adulto,
1165 3116 1237 3170 ultra
1261 3131 1331 3185 quas

361 3206 485 3259 medicus
498 3222 534 3259 ne
546 3206 717 3274 praescribet
726 3207 780 3260 nisi
793 3206 886 3261 addito
900 3207 979 3275 signo
992 3206 1200 3261 exclamationis
1243 3246 1251 3262 .
1279 3247 1286 3261 .
1315 3247 1322 3261 .
1393 3208 1446 3260 449

258 3295 364 3350 Tabula
375 3295 420 3359 iv,
434 3296 567 3351 exhibens
580 3296 773 3361 medicamina,
786 3313 905 3366 quorum
917 3298 1091 3366 dispensatio
1103 3298 1210 3366 absque
1231 3296 1333 3351 medici

364 3388 480 3456 legitimi
491 3388 707 3456 praescriptione
720 3388 863 3443 interdicta
876 3393 919 3442 est
957 3427 1327 3445 ...........
1396 3388 1450 3440 446

254 3478 360 3533 Tabula
372 3478 403 3540 V,
417 3478 551 3533 exhibens
564 3480 689 3548 symbola
701 3483 728 3534 et
739 3479 862 3549 pondera
874 3481 996 3534 atom²ca
1008 3494 1154 3547 corporum
1166 3477 1331 3547 simplicium

361 3570 571 3638 praecipuomm
591 3609 1326 3627 .....................
1395 3569 1447 3622 451

253 3659 359 3715 Tabula
371 3660 415 3722 Vl,
429 3655 532 3715 docens
544 3662 667 3729 pondere
680 3661 859 3717 molocularia
871 3677 1017 3730 corporum
1033 3662 1248 3729 compositorum
1285 3699 1292 3713 .
1321 3700 1328 3713 .
1396 3660 1451 3713 453

253 3751 410 3820 Synonyrna
446 3789 1325 3808 .........................
1394 3751 1449 3804 459

253 3841 337 3896 Index
351 3840 488 3909 generalis
522 3883 818 3897 .........
848 3881 852 3888 .
885 3881 1327 3897 .............
1397 3842 1452 3893 469
