3725 5400
716 484 955 557 -397-

241 722 343 773 mam
375 700 552 791 excitans
580 702 779 776 reactionis
812 702 1006 792 alcalinae3
1037 705 1159 778 calore
1188 703 1237 777 ad
1266 725 1434 780 massam

238 827 386 901 resinae
405 828 564 902 similem
581 829 768 921 liquescit;
793 830 950 903 solvitur
968 831 1074 904 facile
1092 830 1132 904 in
1151 830 1284 924 spiritu
1302 831 1378 905 vini
1398 838 1438 917 et,

239 955 278 1028 in
298 955 574 1045 chloroformi0‚
605 956 791 1029 difficilius
810 957 849 1030 in
869 959 1032 1048 aethere,
1052 959 1113 1031 rix
1131 958 1170 1031 in
1190 980 1299 1052 aqua.
1339 959 1433 1034 Cum

240 1082 348 1156 acido
385 1083 671 1175 hydrochlou'co
709 1084 827 1157 diluto
863 1085 923 1159 vel
961 1085 1068 1159 acido
1102 1086 1281 1159 sulfurico
1316 1085 1432 1161 diluto

240 1210 465 1284 solutionem
484 1210 631 1303 saporis
651 1211 769 1284 amari
788 1216 825 1285 et
843 1212 939 1310 acris
959 1212 1124 1306 praebet.

347 1337 586 1411 Veratrinum
615 1338 722 1411 acido
751 1339 929 1413 sulfurico
960 1345 1199 1413 concontrato
1235 1341 1434 1413 contritum

239 1466 422 1556 liquorem
449 1465 604 1559 praebet
622 1465 772 1554 flavum,
810 1466 874 1559 qui
903 1468 1027 1552 colore
1054 1465 1162 1539 viridi
1190 1466 1380 1540 fluorescit
1399 1472 1435 1541 et

239 1591 382 1665 sensim
401 1573 566 1666 colorem
585 1591 732 1666 intense
751 1593 909 1666 rubrum
927 1593 1051 1666 trahit.

346 1719 465 1792 Acido
497 1719 783 1813 hydrochlorieo
817 1725 1057 1794 concentrato
1095 1720 1143 1793 ad
1181 1719 1434 1794 ebullitionem

121 1940 123 1944 Ι
240 1846 418 1920 calefacta
437 1847 664 1921 solutionem
682 1847 836 1921 mbram
854 1846 987 1921 reddit.

345 1972 509 2066 Ignitum
526 1974 618 2048 nihil
636 1974 712 2048 fere
732 1973 872 2060 residui
890 1974 1087 2067 relinquat.

341 2430 482 2522 Liquor
494 2430 780 2504 fermentatione
792 2429 927 2503 vinosa
942 2436 963 2504 e'
978 2439 1093 2504 succo
1108 2430 1310 2521 baccarum
1329 2429 1423 2504 Vitis

237 2557 425 2629 obtentus.

345 2683 405 2757 Ad
431 2706 547 2758 usum
574 2683 762 2758 medicum
782 2688 819 2758 et
836 2683 1182 2778 pharmaceuticum
1210 2684 1432 2759 adhibeatur

237 2811 360 2885 solum
383 2812 513 2884 vinum
537 2832 763 2903 generosum
795 2812 917 2885 bonae
950 2817 1075 2901 notae,
1105 2812 1243 2905 optime
1271 2813 1432 2887 fermen-

236 2945 356 3012 tatum
393 2944 430 3013 et
462 2939 684 3032 depositum,
725 2939 932 3032 limpidum,
972 2939 1226 3033 purissimum,
1263 2940 1430 3014 immune

236 3067 400 3140 materiis
429 3066 559 3140 alienis
587 3089 659 3141 nec
687 3088 765 3141 non
795 3067 927 3159 quovis
957 3068 1172 3160 organismo
1192 3074 1228 3141 et
1246 3068 1429 3161 producto

235 3193 528 3268 fennentationis
557 3195 708 3271 alterius
737 3193 810 3269 nisi
827 3194 999 3281 vinosae;
1037 3194 1230 3289 speciatim
1247 3215 1296 3268 ne
1316 3195 1430 3269 conti·

234 3325 323 3395 neat
341 3321 490 3395 acidum
508 3323 750 3413 sulfurosum,
769 3323 959 3416 pigmenta
979 3323 1100 3396 aliena
1114 3344 1238 3416 neque
1253 3323 1429 3431 glycerini

234 3448 331 3541 pluS,
353 3470 468 3542 quarn
485 3449 768 3524 fermentatione
786 3450 871 3544 ipsa
890 3455 1015 3523 ortum
1032 3449 1155 3523 fuerit

623 3683 809 3819 Vinum
846 3683 1038 3819 album.

239 3932 243 3939 ·
341 3886 481 3979 Liquor
519 3886 696 3980 limpidus
737 3887 896 3961 ssavidus
940 3892 1004 3960 aut
1049 3888 1181 3977 ssavus
1226 3887 1353 3961 odoris
1392 3893 1429 3962 et

232 4014 378 4107 saporis
398 4014 595 4108 peculiaris
615 4014 755 4088 suavis.

341 4140 539 4215 Contineat
565 4141 605 4215 in
629 4143 703 4215 100
732 4142 901 4236 partibus
920 4142 1121 4216 voluminis
1147 4142 1280 4215 8-10
1298 4147 1424 4236 partes

232 4268 424 4342 alcoholis
463 4267 507 4342 In
524 4269 608 4342 litra
626 4290 674 4342 ne
695 4269 884 4343 contineat
902 4270 987 4363 plus
1008 4269 1103 4344 acidi
1122 4269 1290 4343 sulfurici
1309 4290 1423 4362 quam

230 4396 435 4489 respondet
467 4396 664 4488 grammati
696 4396 782 4469 kalii
814 4397 993 4470 sulfirrici.
1023 4397 1123 4470 Litra
1156 4395 1241 4470 Vini
1269 4390 1422 4470 minime

231 4523 385 4597 extracti
417 4528 625 4617 grammata
662 4524 722 4613 14,
742 4523 853 4597 acidi
885 4524 1075 4616 (tmtarici)
1107 4525 1270 4599 maxime
1302 4530 1422 4616 gram·

232 4655 334 4723 mata
354 4652 388 4741 7,
407 4650 578 4724 sacchari
597 4651 757 4724 manime
778 4657 987 4744 grammata
1007 4653 1029 4724 b
1049 4653 1212 4745 prodat.¹
