3725 5400
733 491 948 563 ..11-

242 710 479 805 pernoram
514 710 554 784 in
599 709 735 784 balneo
776 729 900 803 aquae
948 709 1130 782 calefacta
1180 707 1345 783 colorem
1388 710 1437 785 ad

247 857 440 911 summum
458 836 611 926 neuun,
630 857 680 911 ne
698 856 788 910 vero
807 836 960 910 fuscum
978 835 1124 912 induat.

353 965 497 1040 solutio
526 986 671 1059 aquosa
701 965 809 1039 Acidi
832 964 947 1041 citrici
975 964 1012 1057 (1
1029 966 1157 1056 ²10)
1187 965 1438 1042 solutionibus

242 1113 314 1167 nec
337 1092 443 1185 baryi
460 1091 594 1182 nitrici,
622 1111 694 1166 nec
713 1092 892 1166 ammonii
910 1091 1054 1181 oxalici,
1085 1112 1157 1165 nec
1180 1113 1282 1185 aqua
1299 1092 1438 1185 hydro-

243 1219 427 1293 sulfurata
444 1220 505 1293 rel
523 1218 767 1313 superaddita
784 1219 976 1292 ammonia
993 1221 1168 1292 mutetur.

351 1345 653 1439 Decigrammata
681 1347 704 1421 5
733 1344 839 1419 Aridi
872 1345 985 1419 cinici
1018 1345 1215 1418 combusta
1245 1345 1438 1421 residuum

242 1473 487 1568 ponderabile
506 1495 554 1548 ne
573 1474 797 1567 relinquant

242 1924 468 2059 Acidun
507 1923 972 2095 hydrocbloricun
1022 1931 1436 2060 concontratrn.

350 2237 491 2330 Liquor
516 2238 694 2331 limpidus
727 2238 891 2327 decolor,
928 2237 1055 2312 odoris
1084 2238 1180 2311 acidi
1220 2237 1436 2332 pungentis,

242 2364 445 2440 calefactus
464 2364 577 2458 plane
597 2366 766 2455 avolans
788 2365 966 2458 ponderis
985 2364 1150 2458 specifici
1173 2365 1298 2439 luel.

349 2491 490 2566 Addita
507 2492 694 2566 solutione
713 2493 859 2584 argenti
885 2493 1008 2566 nitrici
1034 2493 1285 2567 sedimentum
1305 2492 1435 2565 elbum

243 2640 442 2693 caseosum
461 2619 634 2713 gignitur,
668 2621 770 2715 quod
787 2621 828 2693 in
846 2619 1040 2693 ammonia
1059 2619 1229 2710 solubile,
1263 2619 1303 2693 in
1327 2617 1435 2692 acido

241 2747 373 2821 nitrico
392 2748 510 2822 diluto
528 2749 725 2822 insolubile
745 2753 817 2837 est;
838 2768 926 2822 cum
944 2768 1133 2840 mangano
1153 2748 1434 2840 hyparoxydato

242 2874 444 2949 cnefactus
465 2876 638 2951 chiorum
656 2875 796 2949 emittit

348 3001 475 3076 Mixtio
519 3024 539 3075 e
582 3003 807 3078 centimetro.
842 3003 973 3077 cubico
1015 3002 1120 3094 Acidi
1163 3000 1436 3094 hydrocblorici

242 3129 470 3203 concentrati
511 3135 549 3204 et
585 3129 809 3204 centimetris
843 3129 981 3203 cubicis
1016 3132 1039 3204 3
1078 3128 1276 3203 solutionis
1310 3128 1437 3202 stanni

241 3254 398 3329 chlorati
430 3254 527 3330 inter
558 3256 693 3329 horam
722 3256 885 3328 colorem
909 3256 1164 3329 obscuriorem
1191 3276 1240 3329 ne
1269 3254 1436 3349 accipiat.

349 3382 510 3458 Aridum
553 3383 749 3477 quintuplo
794 3383 984 3457 volumine
1030 3404 1151 3477 aquae
1197 3381 1354 3456 dilutum
1401 3387 1439 3456 et

242 3639 365 3732 amylo
396 3640 561 3712 colorem
590 3638 804 3713 caeruleum
837 3660 885 3712 ne
914 3640 1093 3718 continuo
1126 3638 1277 3727 tribuat,
1311 3658 1436 3732 neque

240 3765 413 3840 turbetur
459 3787 559 3859 aqua
604 3766 922 3859 hydrosulbrrata
970 3786 1040 3839 nec
1077 3766 1174 3840 inter
1221 3765 1245 3838 5
1291 3764 1438 3839 minuta

241 3891 428 3967 solutione
446 3893 553 3985 baryi
570 3893 701 3983 uitrici,
731 3914 802 3967 nec
826 3892 954 3965 addita
974 3891 1126 3986 quidem
1145 3892 1331 3967 solutione
1349 3890 1436 3981 iodi,

241 4017 362 4094 donec
382 4020 486 4093 color
504 4019 700 4093 subflavus
720 4018 871 4092 oriatur.

350 4144 577 4220 Centimetra
598 4146 735 4219 cubica
767 4148 815 4219 10
840 4145 948 4219 Acidi
976 4144 1250 4237 hydrocblorici
1278 4164 1434 4218 concen-

240 4271 326 4346 trati
344 4292 445 4365 aqua
464 4273 581 4347 diluta
599 4273 636 4365 (1
652 4304 701 4338 =
718 4271 793 4367 10),
813 4272 1121 4346 neutralisatione
1141 4293 1228 4345 curn
1247 4270 1438 4344 ammonia

238 4403 394 4492 peracta
410 4398 538 4472 addito
558 4399 748 4472 ammonio
764 4398 949 4472 sulfurato
968 4419 1017 4471 ne
1036 4402 1240 4472 mutentur.

348 4524 481 4599 Partes
507 4527 580 4599 100
590 4524 697 4598 Aridi
705 4524 982 4617 hydrocblorici
997 4524 1226 4598 concontrati
1245 4529 1373 4617 partes
1385 4523 1435 4597 25

240 4652 343 4745 gasis
362 4652 637 4746 hydrocblorici
656 4653 884 4725 contineant.
