3725 5400
704 487 944 561 -319-

225 730 340 802 saepe
382 729 547 782 unacum
590 706 790 799 crytallulis
832 703 1056 799 prismaticis
1105 701 1341 776 decoloribus
1384 704 1422 775 et

226 836 513 929 mesophloeum
548 834 715 907 validum
738 855 758 907 e
779 832 920 907 cellulis
948 830 1285 925 parenchymaticis
1314 829 1420 903 facile

228 961 502 1052 secedentibus
549 962 672 1053 amylo
715 960 755 1032 in
797 960 922 1053 granis
966 957 1198 1051 simplicibus
1242 963 1278 1031 et
1320 978 1420 1030 com·

225 1090 358 1184 positis
373 1088 468 1180 fetis
488 1087 756 1163 endodermide
772 1086 1061 1161 determinatum
1081 1107 1101 1159 0
1122 1084 1263 1158 cellulis
1298 1083 1421 1177 amylo

226 1218 450 1306 carentibus
472 1216 692 1290 membrana
710 1215 890 1291 suberine
907 1213 1110 1287 instructis.

338 1346 414 1417 100
446 1350 572 1438 parles
609 1343 762 1418 Radicis
800 1342 1018 1415 Valerianac
1056 1362 1105 1414 ne
1143 1339 1268 1413 minus
1307 1360 1422 1431 quam

225 1479 353 1568 partes
377 1471 423 1544 15
458 1470 611 1544 extracti
631 1469 823 1565 spirituosi
840 1468 1059 1561 praebeant;
1081 1467 1214 1541 eadem
1234 1465 1422 1559 quantitas

226 1599 362 1674 mercis
406 1598 604 1671 combusta
644 1618 692 1670 ne
734 1597 819 1690 plus
867 1616 982 1688 quam
1022 1599 1149 1688 partes
1195 1594 1244 1666 10
1287 1592 1420 1666 cineris

226 1726 423 1820 relinquat.

334 1853 513 1926 Fodiatur
535 1851 658 1925 Radix
681 1850 902 1924 valerianae
925 1849 1073 1923 veroin
1105 1849 1197 1922 locis
1231 1847 1420 1921 montanis

226 1980 350 2068 siccis;
374 1981 530 2053 liberata
544 2001 568 2050 a
580 1978 746 2070 vestigiis
762 1977 925 2051 caulium
939 1976 1189 2070 foliorumque
1204 1974 1422 2050 radicalium

225 2111 264 2181 et
280 2107 377 2181 bene
398 2106 537 2179 siccata
554 2105 713 2178 invasis
734 2105 873 2198 optime
894 2103 1033 2177 clausis
1053 2105 1241 2178 servanda
1260 2101 1332 2176 est

562 2553 738 2688 Radix
774 2552 1082 2689 choariac.

603 2798 799 2878 Rhizoma
827 2797 1056 2878 Zedoariae.

341 2992 514 3067 00100110
533 2992 712 3066 Zedoaria
731 2994 921 3084 Roscoe,
940 2994 1069 3087 planta
1085 2993 1273 3087 perennis
1284 2992 1425 3066 inAsia

226 3121 370 3216 tropica
387 3120 575 3213 indigena.

337 3247 497 3322 Cormus
516 3248 634 3321 ovalis
659 3252 724 3321 aut
746 3247 946 3342 piriformis
976 3248 1191 3334 annulatus
1216 3268 1284 3340 per
1306 3252 1426 3321 trans·

227 3397 391 3466 versum,
411 3375 602 3449 interdum
620 3396 688 3469 per
705 3374 981 3467 longitudinem
1000 3378 1127 3450 sectus
1148 3380 1185 3448 ct
1203 3375 1379 3449 siccatus

336 3501 507 3577 Occtnrit
538 3502 760 3597 plerumque
792 3501 832 3575 in
864 3501 996 3576 frustis
1030 3502 1305 3577 disciformibus
1330 3501 1426 3576 orbi·

227 3629 361 3705 culatis
395 3631 443 3703 ad
462 3631 488 3703 4
508 3631 728 3704 centimetra
744 3630 841 3720 latis,
875 3630 1009 3703 5-10
1027 3631 1238 3705 millimetra
1272 3631 1425 3719 crassis,

228 3757 365 3834 coloris
386 3757 608 3850 generaliter
635 3779 655 3831 c
685 3757 807 3850 griseo
836 3758 1008 3832 subfusci
1031 3764 1096 3832 out
1123 3758 1426 3833 subrubescenti·

229 3884 351 3978 grisei,
385 3883 618 3959 extrinsecus
651 3885 899 3978 peridermate
947 3886 1426 3960 ochrolcuco·fuscescente

230 4011 462 4105 singulisque
496 4012 666 4085 radicum
703 4012 921 4105 fragmentis
954 4013 1143 4107 praeditis
1178 4012 1425 4087 crassioribus

228 4138 389 4213 residuis
422 4139 597 4212 foliorum
629 4139 827 4230 annulatis,
866 4140 980 4231 duris,
1013 4141 1053 4213 in
1083 4141 1249 4215 fractura
1281 4139 1429 4232 aequali

229 4265 370 4355 solidis,
409 4265 536 4339 odoris
570 4266 763 4340 aromatici
794 4267 1142 4361 subcamphoracei,
1171 4268 1317 4362 saporis
1338 4288 1427 4341 con·

232 4392 449 4483 dimentarii,
469 4392 672 4467 subamari.

340 4519 464 4594 Sestio
482 4525 701 4595 transversa
719 4522 995 4615 albidogrisea,
1014 4523 1227 4599 numerosis
1247 4527 1427 4618 punctata

231 4647 373 4722 cellulis
392 4646 551 4722 oleiferis
572 4653 609 4722 et
640 4649 826 4724 fasciculis
860 4670 1039 4724 vasorum
1073 4651 1235 4725 disiectis
1270 4654 1429 4724 stratum
