3725 5400
721 475 963 551 -331-

246 692 342 785 gatis
381 698 418 767 et
450 693 592 766 coalitis
631 698 696 767 aut
733 694 805 768 sub
842 694 966 768 forma
1005 693 1169 789 pulveris
1208 694 1442 772 subtilissimi

248 819 440 910 albissimi,
466 820 593 894 odoris
623 820 797 915 expertis,
833 820 1039 912 subdulcis,
1075 821 1140 915 qui
1158 822 1314 897 solvitur
1340 824 1441 899 lente

247 947 287 1020 in
306 968 407 1039 aqua
424 947 567 1039 fiigida,
586 948 757 1022 facillime
776 948 817 1022 in
835 970 936 1042 aqua
953 947 1107 1039 fervida,
1128 971 1199 1024 nec
1217 949 1257 1023 in
1275 950 1439 1041 aethere,

246 1074 374 1150 necin
395 1075 673 1149 chlorosormio.

353 1202 496 1277 Solutio
531 1224 678 1296 aquosa
710 1203 746 1298 (1
763 1234 811 1267 =
829 1204 891 1295 10)
925 1203 974 1277 sit
1011 1203 1174 1278 decolor.
1214 1203 1441 1279 Centimetra

243 1328 375 1404 cubica
400 1333 421 1403 5
446 1329 560 1403 huius
584 1330 781 1404 solutionis
806 1352 893 1404 cum
917 1330 1194 1423 centigrammis
1217 1335 1239 1405 5
1259 1332 1441 1407 resorcini

245 1462 282 1530 et
320 1457 537 1531 centimetro
581 1457 713 1532 cubico
753 1457 903 1532 dimidio
938 1457 1035 1532 acidi
1066 1458 1342 1551 hydrochlorici
1373 1481 1441 1553 per

245 1585 425 1659 5minuta
439 1590 547 1659 cocta
559 1585 761 1659 mixturam
776 1587 993 1681 praebeant,
1006 1608 1103 1680 quae
1120 1588 1286 1661 colorem
1300 1588 1441 1661 ssavum

241 1732 291 1786 ne
310 1733 399 1786 vero
418 1714 575 1786 rubrum
595 1712 780 1786 exhibeat.

351 1839 650 1931 Decigrammata
671 1839 693 1913 3
710 1840 888 1914 Sacchari
906 1841 1031 1915 Lactis
1051 1841 1250 1916 combusta
1262 1862 1312 1915 ne
1330 1840 1439 1915 relin-

242 1972 362 2059 quant
379 1966 452 2040 nisi
471 1968 628 2060 vestigia
647 1967 793 2041 cineris,

351 2093 582 2168 Saccharum
599 2094 723 2169 Laetis
743 2094 871 2168 odoris
890 2094 1044 2185 rancidi,
1081 2094 1229 2169 caseosi
1247 2098 1285 2169 et
1303 2092 1439 2168 coloris

240 2220 366 2295 flavidi
383 2222 579 2296 reliciatur.

557 2543 1125 2658 Samlomtnmm.

349 2729 521 2823 Crystalli
556 2730 850 2805 tabulaeformes
887 2730 947 2804 vel
983 2730 1155 2804 lamellae
1195 2750 1437 2822 squamosae,

239 2857 446 2945 decolores
467 2857 614 2950 saporis
634 2857 763 2947 amari,
783 2857 879 2931 lucis
897 2845 1042 2930 influxu
1060 2857 1324 2944 flavescentes;
1345 2856 1439 2929 calc·

237 2985 357 3059 factae
404 2987 657 3076 temperatura
707 2985 805 3057 170ο
846 2984 1060 3077 liquescunt
1106 2989 1144 3058 et
1187 2987 1268 3056 tum
1304 2980 1439 3076 partim

239 3110 451 3201 sublimant,
470 3111 605 3204 partim
625 3111 965 3205 decomponuntur.
1261 3144 1263 3149 >

348 3237 598 3312 Santoninum
617 3238 656 3310 in
675 3259 776 3330 aqua
802 3237 937 3331 ln‘gida
955 3236 1106 3312 nonnisi
1128 3258 1275 3331 parum,
1295 3234 1439 3310 fervida

238 3364 386 3439 difficile
415 3366 582 3439 solvitur.
613 3365 771 3459 Spiritus
798 3365 875 3438 vini
901 3364 1024 3459 fn'gidi
1050 3369 1177 3458 partes
1206 3363 1350 3438 circiter
1372 3364 1437 3453 43,

238 3493 399 3567 aetlreris
436 3498 563 3586 partes
601 3492 689 3581 150,
733 3492 988 3567 chloroformii
1018 3497 1144 3585 partes
1178 3491 1204 3563 4
1242 3489 1438 3564 Santonini

236 3626 382 3715 partem
405 3621 422 3693 1
446 3621 608 3693 solvunt.

346 3747 490 3821 Solutio
510 3746 715 3840 spirituosa
734 3746 861 3821 addito
886 3747 984 3821 kalio
1003 3746 1289 3841 hydrooxydato
1309 3745 1435 3819 soluto

242 3876 367 3948 colore
387 3874 563 3947 coccineo
584 3875 726 3948 sensim
744 3879 964 3948 transeunte
983 3874 1090 3966 tingit
1136 3929 1145 3946 .

344 4001 440 4075 Cum
450 4001 630 4075 alcalibus
641 4006 706 4075 aut
720 4001 880 4075 calcaria
890 4001 1141 4075 Santoninum
1152 3999 1434 4074 coniunctiones

236 4128 276 4202 in
295 4149 395 4221 aqua
412 4128 519 4201 facile
540 4127 718 4201 solubiles
738 4127 816 4201 init.

345 4254 440 4329 Cum
460 4253 568 4328 acido
588 4255 765 4329 sulfurico
786 4256 864 4329 siva
879 4254 1011 4328 nitrico
1028 4260 1268 4329 concenlrato
1283 4252 1434 4327 humec-

236 4386 356 4455 tatum
376 4380 625 4455 Santoninum
644 4383 811 4457 colorem
829 4404 877 4456 ne
896 4382 1032 4455 trahat.

343 4508 593 4583 Santoninum
625 4509 664 4582 in
696 4512 771 4582 100
791 4509 961 4604 partibus
994 4530 1116 4601 aquae
1150 4512 1187 4583 et
1220 4507 1432 4602 boantibus

235 4635 332 4709 acidi
369 4635 537 4709 sulfurici
574 4636 679 4710 diluti
717 4642 866 4711 coctum
894 4642 932 4712 et
962 4636 1223 4729 refrigeratum
1253 4636 1434 4709 filtratum
