3725 5400
897 480 1133 553 -roa-

418 694 970 809 &audaculum
996 686 1610 818 carbunicam.·)

522 917 649 990 Pulvis
683 916 921 1009 crystallinus
960 917 1080 1005 albus
1121 914 1268 1009 saporis
1302 918 1339 988 et
1372 913 1500 988 odoris
1533 913 1611 987 fere

411 1064 559 1138 expers
593 1043 803 1117 insolubilis
835 1043 875 1117 in
907 1065 1018 1137 aqua,
1048 1063 1183 1137 parum
1211 1040 1380 1115 solubilis
1408 1041 1448 1115 in
1476 1040 1608 1135 spiritu

412 1171 488 1243 vini
506 1170 652 1263 frigido,
673 1169 780 1243 facile
794 1169 834 1243 in
853 1169 1008 1259 fervido,
1028 1168 1068 1241 in
1087 1168 1238 1242 aethere
1259 1171 1296 1241 et
1324 1167 1605 1253 chloroformio;

411 1297 585 1394 liquescit
601 1318 735 1371 versus
760 1299 780 1371 7
787 1298 986 1370 80-840.
1006 1295 1148 1370 Solutio
1173 1295 1376 1390 spirituosa
1407 1294 1605 1368 reactionis

411 1424 581 1498 neutrius
619 1425 718 1498 ferro
761 1425 1060 1517 sesquichlorato
1099 1424 1224 1497 soluto
1262 1444 1341 1495 non
1369 1420 1605 1514 singulariter

410 1551 610 1626 coloratur.

879 1857 1140 1993 Guarana.

519 2114 1063 2203 PaulliniooorbiliaMartius,
1080 2115 1193 2188 arbor
1204 2112 1405 2187 inBrasilia
1417 2112 1602 2205 indigena.

518 2241 666 2316 Massac
692 2242 832 2316 solidae
862 2242 1084 2316 durissimae
1103 2242 1340 2335 ponderosae
1368 2239 1601 2333 cylindricae,

410 2369 806 2459 boluliformes,1-i
841 2368 1043 2443 decimetra
1074 2370 1220 2461 longae,
1250 2367 1357 2441 4-5
1386 2367 1604 2440 centimetra

409 2516 572 2586 crassae,
585 2517 605 2570 e
618 2496 824 2570 seminibus
833 2497 907 2571 leni
915 2497 1000 2589 igne
1012 2493 1390 2589 siccatispulveratis,
1407 2514 1493 2568 cum
1504 2513 1604 2588 aqua

409 2623 605 2717 inpastam
615 2623 774 2697 redactis
790 2624 970 2697 formatae
991 2628 1028 2697 et
1047 2622 1217 2713 siccatae,
1231 2621 1428 2717 superficie
1439 2623 1599 2696 obscure

409 2771 431 2824 c
459 2752 573 2825 rubro
593 2752 732 2842 fuscae,
766 2751 987 2843 subnitidae,
1022 2751 1060 2824 in
1095 2751 1258 2824 fractura
1293 2750 1480 2844 inaequali
1513 2752 1601 2825 sub·

409 2880 605 2969 granulata
649 2881 924 2970 fusco-rubrae,
973 2878 1160 2952 interdurn
1205 2878 1423 2970 fragmentis
1469 2875 1602 2951 albidis

410 3005 598 3078 seminum
617 3005 771 3079 inclusis
792 3005 1110 3079 submarmoreae.

517 3132 642 3206 Pulvis
662 3132 858 3206 Guaranac
879 3133 1015 3206 coloris
1036 3131 1170 3221 carnei,
1197 3130 1344 3225 saporis
1369 3131 1601 3205 subadstrin·

409 3258 530 3351 gentis
550 3263 587 3332 et
605 3259 855 3348 amariusculi,
887 3258 1136 3353 microscopio
1165 3259 1381 3351 exploratus
1410 3263 1557 3331 constat
1583 3282 1602 3332 e

410 3384 577 3477 granulis
599 3385 751 3459 minutis
771 3386 883 3480 amyli
901 3386 1110 3480 compositi,
1131 3386 1266 3479 partim
1284 3386 1448 3479 integris,
1469 3388 1603 3481 partim

410 3510 642 3586 deformibus
663 3513 951 3605 conglomeratis
985 3519 1022 3587 et
1055 3535 1074 3586 e
1108 3511 1249 3586 cellulis
1269 3514 1604 3607 parenchymaticis

411 3639 621 3713 rotundatis
642 3645 706 3713 aut
720 3640 1126 3733 rotundato-polyedris
1148 3639 1368 3713 membrana
1383 3643 1605 3716 tumescenti

409 3766 544 3857 albida,
567 3767 733 3861 amylum
761 3766 800 3840 in
828 3771 929 3840 statu
959 3788 1076 3860 supra
1104 3764 1294 3859 descripto
1323 3767 1608 3843 includentibus

409 3890 503 3968 Hinc
549 3894 636 3968 inde
683 3899 877 3987 praeterea
912 3893 1149 3987 reperiuntur
1190 3896 1344 3969 cellulae
1382 3895 1606 3970 sclereldeae

409 4040 558 4114 parvae,
593 4022 814 4116 plerumque
848 4021 1157 4112 isodiametricae,
1194 4022 1362 4096 obsoleto
1391 4023 1603 4116 polgedrae,

410 4148 531 4221 rarius
583 4148 864 4240 subelongatae,
905 4150 1205 4244 subpalilormeS,
1246 4152 1467 4224 membrana
1517 4152 1603 4244 plus

410 4273 581 4348 minusve
611 4296 742 4348 crassa
769 4275 905 4349 coloris
935 4276 1054 4350 citrini
1083 4277 1270 4350 solitariae
1305 4283 1369 4350 aut
1399 4279 1603 4352 nonnullae

414 4402 538 4476 adhuc
559 4403 813 4477 cohaerentes.

520 4668 546 4738 *l
567 4669 692 4723 Occurrit
703 4668 733 4723 in
745 4675 899 4726 mercatura
912 4672 965 4726 sub
979 4673 1090 4726 nominc
1106 4672 1246 4736 ,Duotul¹.
