3725 5400
925 425 1236 550 ..314-'

448 696 488 769 in
502 694 700 789 superficie
713 694 964 787 irregulariter
982 695 1138 785 sulcata,
1154 696 1338 769 lacunosa
1353 698 1390 768 et
1403 692 1547 787 passim
1560 692 1644 767 reti-

449 823 742 916 euicto-rugosa,
782 844 883 896 nunc
922 822 1126 912 sublaevia,
1165 844 1267 897 nunc
1304 822 1460 917 paulum
1496 842 1645 915 aspera,

448 950 584 1024 coloris
628 950 942 1043 subfusco-grisei
980 957 1045 1024 aut
1082 950 1435 1038 albo-flavescentia
1477 948 1646 1041 margine

448 1077 718 1171 subpellucida‚
767 1078 995 1170 ponderosa,
1043 1077 1266 1166 subcomea,
1319 1076 1489 1164 inodora,
1535 1075 1645 1149 valde

446 1204 728 1297 mucilaginosa.
1387 1184 1395 1196 ’

555 1330 803 1425 Microscopio
824 1331 1016 1424 explorata
1034 1329 1157 1404 Radix
1176 1331 1285 1425 Salep
1311 1330 1455 1405 excellit
1477 1328 1645 1404 utriculis

447 1457 662 1532 numerosis
691 1458 907 1550 grandibus,
935 1457 1158 1551 mucilagine
1186 1457 1364 1552 raphides
1390 1457 1495 1531 calcii
1513 1455 1645 1530 oxalici

447 1585 662 1660 includente
681 1585 832 1678 repletis
851 1584 891 1658 in
909 1585 1201 1679 perenchymate
1221 1586 1344 1679 amylo
1378 1586 1502 1658 calore
1521 1581 1645 1658 defor-

446 1717 548 1786 mato
562 1713 650 1786 feto.
685 1712 823 1785 Addita
843 1712 1029 1786 solutione
1044 1712 1120 1785 iodi
1135 1733 1282 1806 aquosa
1297 1712 1413 1786 diluta
1427 1714 1645 1786 contentum

446 1839 485 1912 in
522 1838 689 1912 utriculis
727 1839 1029 1932 mucilaginileris
1068 1840 1234 1914 colorem
1270 1861 1291 1914 e
1329 1840 1437 1913 lusco
1474 1838 1644 1927 rubrum,

450 1966 614 2059 amylum
635 1965 885 2040 deformatum
905 1967 1070 2041 colorem
1090 1968 1304 2042 caenrleum
1323 1967 1466 2060 accipit

554 2093 681 2166 Pulvis
710 2093 845 2166 radicis
871 2115 958 2167 cum
976 2095 1145 2188 partibus
1176 2095 1227 2168 50
1252 2116 1372 2187 aquae
1398 2098 1539 2183 coctus
1557 2096 1646 2186 post

447 2221 765 2313 refrigerationem
808 2222 1073 2314 mucilaginem
1110 2223 1202 2296 satls
1241 2222 1406 2316 spissam
1451 2219 1642 2316 praebeat,

448 2369 545 2442 quae
579 2348 723 2421 adiecta
756 2349 942 2422 solutione
977 2350 1054 2423 iodi
1082 2350 1249 2423 colorem
1277 2350 1490 2423 caeruleum
1517 2345 1642 2420 trahit.

559 2475 635 2547 100
654 2479 780 2567 partes
809 2475 944 2548 mercis
964 2496 1013 2549 ne
1041 2475 1127 2568 plns
1157 2496 1271 2567 quam
1298 2478 1425 2568 portes
1456 2475 1478 2548 3
1509 2472 1643 2549 cineris

446 2602 670 2694 relinquant.

555 2728 653 2803 Cave
682 2751 729 2802 ne
758 2729 892 2802 tubera
913 2727 1066 2802 Colchici
1084 2728 1300 2802 autumnalia
1317 2727 1525 2803 intermixta
1555 2726 1642 2818 sint,

448 2855 708 2949 dignoscenda
722 2855 921 2949 praecipue
938 2855 1043 2929 sulco
1063 2856 1324 2949 longitudinali
1336 2856 1374 2928 in
1388 2855 1502 2929 latere
1516 2854 1643 2928 minus

446 3004 613 3056 convexo
634 2988 698 3056 aut
716 2983 841 3076 plano,
864 2983 1030 3075 grancilis
1050 2983 1162 3076 amyli
1184 2983 1401 3075 regulariter
1426 2979 1643 3076 compositis

445 3115 482 3181 et
501 3109 647 3183 delectu
666 3110 911 3183 utriculorum
930 3109 1318 3202 mucilaginilerorum.

727 3359 903 3494 Radix
949 3360 1359 3531 Sarsaparillae.

748 3585 1011 3691 Sarsaparilla
1034 3587 1084 3665 do
1106 3586 1339 3667 Honduras.

557 3742 723 3817 Senitocis
743 3745 889 3838 species
914 3746 1104 3818 nonsatis
1129 3750 1221 3819 nota
1238 3747 1433 3822 Americae
1458 3745 1643 3820 cannulis.

552 3869 714 3944 Radices
726 3870 971 3945 secundariae
981 3873 1220 3966 praelongae,
1229 3873 1389 3947 siccatae
1399 3874 1438 3947 in
1448 3878 1645 3946 manatura

445 3997 517 4071 sub
531 3998 684 4072 nomine
707 3997 973 4091 ,Sarsaparilla
992 3999 1038 4071 de
1058 3998 1283 4073 Honduras“
1308 4000 1452 4089 obviae,
1468 4004 1511 4072 ut
1528 3998 1642 4093 pluri·

444 4145 549 4197 mum
560 4125 693 4197 calami
702 4125 885 4218 scriptorii
895 4125 1074 4216 crassitie,
1086 4127 1394 4217 teretesflcxiles
1408 4127 1642 4201 extrinsecus

443 4251 759 4343 longitudinaliter
777 4252 1102 4343 striato-sulcatae,
1124 4254 1260 4327 coloris
1280 4255 1440 4329 obscure
1459 4252 1557 4327 fusci
1576 4257 1641 4326 aut

443 4378 695 4469 fusco-grisei,
718 4379 864 4472 saporis
883 4380 997 4472 paulo
1018 4380 1288 4473 mucilaginosi,
1306 4381 1439 4455 deinde
1459 4380 1566 4454 aeris,

553 4504 596 4578 ln
609 4510 822 4579 mercatura
841 4507 1002 4579 occurrit
1011 4505 1134 4580 Radix
1150 4508 1270 4581 scissa
1284 4513 1349 4581 aut
1361 4507 1456 4581 fissa
1470 4512 1507 4582 et
1520 4507 1643 4582 scissa

444 4631 482 4704 in
503 4633 709 4724 segmentis
727 4633 851 4706 variae
871 4633 1125 4725 longitudinis
