3725 5400
747 477 963 547 „41-

367 692 508 784 Liquor
516 692 637 784 primo
648 692 833 783 turbidus
847 697 928 765 tum
938 693 1116 786 limpidus
1127 693 1302 783 evadens
1316 694 1453 767 coloris

260 834 403 914 expers
442 819 567 893 odoris
606 824 642 893 et
679 820 827 912 saporis
864 820 975 894 valde
1014 820 1215 911 aromatici,
1251 820 1453 895 reactionis

261 947 444 1021 aridulae.

573 1218 729 1391 Aqua
750 1217 1134 1353 tlanonillae.
1177 1386 1179 1395 J

257 1455 332 1552 Rp:
352 1460 492 1531 ¹Illorum
511 1460 745 1531 blamonsslae
764 1460 920 1548 vulgaris
1196 1465 1318 1554 portes
1392 1459 1453 1531 10.

333 1584 565 1659 Destillando
583 1585 673 1684 lege⁸
688 1584 779 1659 artis
799 1585 978 1659 abstrahe

365 1716 478 1803 Aquae
498 1713 733 1784 bbnnonlllao
1188 1718 1318 1808 portes
1364 1713 1451 1785 100.

365 1839 505 1932 Liquor
537 1838 657 1931 primo
688 1838 874 1929 turbidus
910 1839 1046 1913 coloris
1079 1839 1249 1930 caerulei,
1286 1840 1453 1913 evadens

258 1969 339 2038 tum
356 1965 543 2059 limpidus
571 1963 730 2054 decolor,
755 1966 882 2063 odoris
904 1975 942 2038 et
960 1965 1108 2060 saporis
1131 1967 1268 2040 florum
1288 1965 1450 2040 Chamo-

259 2093 382 2167 millae
400 2094 575 2186 vulgaris.

671 2363 828 2537 Aqua
849 2362 1042 2498 chlori.

256 2601 330 2697 Rp:
357 2605 514 2694 llanganl
532 2606 782 2696 hyperoxytlati
799 2608 838 2676 tn
856 2607 978 2677 mstis
1370 2627 1401 2700 q.
1422 2627 1451 2677 a.

331 2738 373 2805 ut
390 2733 584 2824 expleatur
602 2731 799 2805 cucurbita
818 2731 910 2805 satis
931 2754 1059 2825 capax,
1078 2737 1168 2806 tunc
1188 2732 1285 2804 adde

364 2862 459 2932 lcltli
477 2860 728 2951 bytrocbloricl
755 2861 899 2948 venalis,
930 2865 1042 2932 antea
1070 2859 1178 2932 tertia
1201 2862 1306 2950 parte
1328 2879 1451 2951 aquae

332 2985 448 3076 diluti,
492 2985 739 3078 quantitatem
776 2985 1036 3074 sufficientem,
1078 2991 1121 3058 ut
1175 2985 1224 3058 ad
1257 2984 1452 3058 dimidium

332 3112 477 3187 circiter
495 3108 689 3186 cucurbita
706 3113 904 3205 repleatur.
1420 3179 1422 3181 ,

367 3240 608 3315 Cucurbitarn
622 3239 734 3332 iunge
745 3260 831 3312 cum
844 3238 1014 3332 excipulo
1027 3237 1266 3330 Woulffiano‚
1282 3239 1342 3311 cui
1352 3240 1452 3313 inest

259 3386 379 3460 aquae
408 3368 597 3461 quantitas
626 3366 817 3440 sufficiens
849 3367 896 3440 ad
925 3367 1110 3456 lotionem,
1132 3366 1234 3459 gasis
1270 3366 1450 3439 extricati.

259 3493 437 3586 Excipulo
474 3495 612 3586 adapta
648 3493 781 3566 tubum
810 3494 970 3567 vitreum
1006 3493 1065 3565 bis
1097 3496 1302 3581 curvatum,
1343 3491 1451 3566 cuius

255 3619 401 3712 longior
420 3619 633 3693 extremitas
660 3619 738 3693 fere
757 3624 889 3711 tangat
908 3619 1068 3692 fundum
1087 3621 1255 3711 lagenae,
1283 3639 1381 3712 quae
1402 3618 1450 3691 ad

258 3745 450 3819 dimidium
469 3766 569 3839 aqua
588 3745 773 3818 destillata
791 3745 840 3818 sit
857 3746 1010 3837 repleta

363 3872 454 3946 Leni
482 3873 605 3946 calore
635 3873 701 3945 fiat
728 3871 917 3945 extricatio
939 3872 1051 3964 gosis,
1080 3872 1282 3963 Lagenam,
1314 3872 1450 3964 quodsi

257 4000 386 4073 chloro
423 4001 566 4094 repleta
601 3999 721 4088 fuerit,
761 4004 951 4073 commuta
989 4020 1075 4073 cum
1112 4000 1240 4089 altera,
1289 3999 1450 4072 eandem

257 4126 504 4220 quantitatem
524 4148 645 4220 aquae
665 4128 892 4201 continente.
913 4126 1068 4218 Lagena
1081 4130 1227 4200 remota
1254 4125 1451 4199 claudatur

256 4260 293 4329 et
320 4274 388 4345 gas
416 4276 503 4328 cum
535 4275 636 4347 aqua
672 4258 959 4347 conquassetur,
998 4254 1086 4327 dein
1119 4253 1243 4326 denuo
1278 4252 1450 4326 chlorum

253 4382 294 4455 in
311 4382 486 4474 lagenam
502 4381 713 4455 inducatur.
740 4381 847 4455 Hanc
868 4382 1004 4474 agendi
1028 4380 1211 4454 rationem
1231 4380 1343 4453 etiarn
1362 4401 1449 4453 cum

255 4509 373 4583 altera
390 4508 526 4601 lagena
545 4528 750 4600 exsequere
771 4513 808 4583 et
821 4512 959 4601 repete,
976 4509 1096 4581 donec
1111 4528 1177 4599 gas
1192 4526 1272 4580 non
1287 4505 1449 4598 amplius

257 4635 514 4710 absorbeatur.
