3725 5400
924 449 1134 521 ..58-

431 663 577 739 Probae
613 664 728 740 bidus
763 666 920 760 liquoris
972 688 1042 740 nec
1095 666 1240 741 adiecta
1291 667 1478 741 solutione
1525 668 1630 762 baryi

316 854 319 863 .
431 791 563 883 nitrici,
589 813 713 886 neque
741 793 927 867 solutione
966 794 1110 887 argenti
1141 794 1273 883 uitrici,
1312 814 1383 867 nec
1416 793 1524 869 acido
1550 796 1628 870 sul·

431 919 550 993 birico
589 920 705 994 diluto
742 925 950 1010 mutantur;
998 921 1127 995 addita
1167 921 1359 995 ammonia
1394 923 1627 1015 suparabun-

433 1045 545 1121 dante
582 1046 767 1139 liquorem
803 1048 984 1122 tiltratum
1022 1048 1224 1122 exhibeant
1259 1049 1489 1136 decolorem
1528 1068 1629 1142 aqrra

431 1173 737 1267 hydrosulsurata
758 1175 1022 1269 praecipitatae
1060 1175 1242 1250 filtratum
1268 1175 1487 1269 praebeant,
1522 1175 1626 1269 quod

432 1300 673 1393 evaporando
691 1322 741 1375 ne
759 1302 947 1396 relinquat
964 1303 1038 1377 nisi
1055 1303 1214 1395 vestigia
1231 1300 1384 1377 residui.

663 1586 996 1724 Bismutbun
1026 1588 1393 1726 subaibicum.

428 1808 506 1902 Rp:
540 1812 706 1884 Btautbi
730 1810 905 1884 aubdlltar
927 1813 1100 1903 pulverati

537 1938 629 2010 Kalll
646 1941 765 2010 ultrici
875 1924 879 1934 “

501 2062 633 2137 Intime
648 2064 785 2137 mixtae
803 2063 844 2137 in
858 2065 1059 2155 crucibulo,
1073 2067 1197 2139 calore
1213 2066 1355 2139 sensim
1370 2068 1492 2152 aucto,
1507 2063 1625 2156 liqrra·

428 2196 536 2263 scant
548 2194 586 2264 et
594 2190 746 2284 saepius
757 2192 934 2284 agitando
943 2192 1269 2286 perquadrantem
1278 2191 1394 2265 borae
1403 2193 1534 2267 fluant.
1550 2190 1624 2263 lle-

426 2316 557 2391 tallum
575 2316 817 2410 liquefactum
834 2318 874 2392 in
892 2340 1032 2412 aquam
1052 2319 1214 2393 effusum
1229 2340 1253 2393 a
1266 2318 1398 2393 scoriis
1416 2322 1622 2411 separabar.

534 2446 790 2519 wentelabi
808 2450 949 2539 purgati
966 2447 1100 2522 ndlter
1116 2449 1290 2540 palranti
1361 2450 1487 2543 portae
1546 2446 1622 2519 100

504 2571 646 2645 sensim
664 2572 883 2664 ingerantur
899 2573 940 2645 in
959 2572 1203 2663 cucurbitam,
1224 2594 1322 2667 quae
1342 2572 1508 2647 continet

534 2703 630 2774 laidi
646 2704 765 2774 uitrici
783 2706 992 2776 commati
1360 2708 1483 2798 porta
1527 2702 1618 2775 260.

499 2828 783 2921 Languescente
806 2829 995 2903 solutione
1015 2829 1092 2903 rim
1119 2828 1215 2903 acidi
1240 2829 1491 2904 calefaciendo
1508 2848 1620 2921 auge,

425 2975 549 3048 usque
569 2955 660 3028 dum
680 2955 842 3030 ebulliat

497 3081 638 3176 liquor
654 3087 784 3175 partus
802 3084 961 3157 tiltretur
979 3087 1018 3157 et
1034 3085 1238 3158 misceatur
1255 3104 1343 3158 cum

532 3213 646 3301 aquae
663 3214 893 3302 temperatura
906 3213 977 3285 40⁰
1319 3208 1616 3306 postomodum

495 3336 785 3429 Praecipitatum
802 3336 889 3411 inde
910 3343 1047 3426 ortum,
1066 3337 1165 3412 filtro
1185 3338 1381 3412 collectum
1400 3341 1511 3428 atquc
1529 3355 1618 3410 cum

532 3468 646 3555 aquae
664 3466 968 3556 temperaturum
1316 3461 1483 3560 partibus
1538 3462 1617 3537 500

423 3592 553 3681 lobna,
564 3590 661 3665 inter
675 3591 843 3664 chartam
857 3591 1026 3666 bibulam
1039 3593 1269 3685 exprimatur
1282 3597 1320 3667 et
1333 3592 1373 3664 in
1385 3590 1470 3665 loco
1483 3588 1617 3682 frigido

422 3718 603 3793 umbroso
620 3718 791 3792 siccetur.

530 3845 658 3920 Pulvis
674 3846 913 3939 crystallinus
929 3848 1051 3937 albus,
1067 3847 1266 3923 reactionis
1277 3847 1417 3935 acidae,
1437 3845 1617 3922 inlubulo

423 3972 540 4047 vitreo
560 3974 762 4047 calefactus
786 3995 951 4069 vapores
979 3974 1100 4068 primo
1129 3995 1273 4067 aqueos
1302 3979 1436 4067 postea
1463 3972 1616 4048 nibicoa

423 4100 555 4174 emittit
582 4106 621 4174 at
647 4100 842 4176 residuum
869 4102 1009 4176 flavum
1037 4100 1220 4175 bismuthi
1247 4101 1398 4193 oxydati
1425 4098 1615 4191 relinquit:

422 4226 519 4303 kalio
547 4227 834 4320 hydrooxydato
863 4230 990 4303 soluto
1019 4229 1147 4303 addito
1166 4229 1368 4302 calefacere
1388 4224 1617 4300 ammoniam

422 4375 470 4429 ne
490 4354 649 4428 exhalet

529 4481 828 4572 Decigrammata
849 4482 871 4555 b
908 4481 1098 4558 Bismuthi
1115 4481 1309 4556 subnitrici
1327 4481 1367 4553 in
1385 4479 1613 4554 centimetris

421 4607 562 4681 cubicis
589 4608 612 4681 5
641 4608 738 4682 acidi
756 4609 876 4683 uitrici
901 4610 1007 4684 diluti
1027 4611 1151 4683 soluta
1183 4608 1369 4705 liquorem
1407 4605 1605 4700 limpidum
