3725 5400
393 1196 456 1308 R
482 1194 752 1308 Utomilia
772 1127 838 1308 ot
859 1193 1246 1308 instrumenta

329 1474 464 1549 Tubuli
483 1474 688 1567 probatorii
716 1474 887 1548 diametri
905 1475 1204 1549 millimetrorum
1232 1474 1285 1550 00
1311 1474 1421 1548 mini-

221 1625 327 1678 mum
345 1602 410 1676 Nr.
426 1602 498 1677 nl..

332 1729 556 1804 Cucurbitae
590 1730 729 1803 vitreae
762 1729 929 1803 minores
959 1731 1171 1806 100-000
1200 1730 1421 1805 centimetra

222 1858 354 1932 cubica
374 1857 574 1950 capientes.

328 1984 506 2062 Retortae
525 1984 664 2058 vitreae
684 1984 862 2059 minores,

330 2112 434 2188 Ollae
462 2114 602 2186 vitreae
636 2112 849 2204 complures
868 2111 1139 2204 magnitudinis
1159 2111 1341 2186 diversae.

329 2239 434 2314 Vitra
453 2260 620 2313 concava
639 2219 680 2311 et'
693 2237 842 2331 patinae
861 2238 1002 2313 vitreae
1020 2239 1235 2314 nonnullae.

328 2367 570 2442 lutundibula
588 2366 705 2439 vitrea
724 2367 771 2439 ad
790 2365 1031 2439 filtrationem
1050 2371 1146 2459 apta.

330 2496 427 2569 Tubi
445 2495 553 2574 vitrei
569 2493 947 2570 intirndibuliiormes.

231 2663 238 2674 ·
333 2622 430 2695 'l'ubi
456 2621 563 2696 vitrei
582 2621 630 2694 ad
649 2621 861 2694 iuncturam
879 2626 1137 2715 apparatuum·
1158 2621 1417 2696 inservientes.

330 2750 459 2824 Bacilll
477 2749 583 2822 vitrei
600 2748 827 2842 complures.

328 2877 503 2970 Lagenae
535 2875 674 2949 vitreae
713 2874 910 2968 epistomio
943 2874 1060 2948 vitreo
1102 2876 1315 2949 100-300
1335 2898 1419 2950 com

223 3005 424 3097 capientes

330 3129 571 3204 Infundibula
589 3129 830 3222 separatoria

330 3258 542 3349 Lagenulae
580 3261 690 3349 aptae
733 3256 782 3330 ad
816 3256 958 3331 trutina
1001 3256 1294 3331 examinandum
1340 3256 1420 3330 alti·

223 3385 363 3458 tudinis
392 3383 688 3457 millimetrorum
719 3385 781 3473 30,
823 3384 862 3457 in
896 3384 1078 3459 diametm
1114 3384 1419 3458 40millimetra.

332 3528 534 3603 Cucurbita
550 3529 669 3602 vitrea
689 3550 828 3622 aquam
854 3529 975 3604 instar
994 3510 1165 3622 siphonis
1185 3549 1378 3622 spargens

330 3656 428 3729 Tubi
464 3661 502 3729 et
548 3656 705 3749 cylindri
739 3656 847 3730 vitrei
879 3657 1025 3749 gradali
1058 3658 1107 3731 ad
1138 3656 1420 3731 mensmandos

222 3783 388 3875 liquores
410 3781 496 3876 apti.

331 3896 488 3983 Patinae
506 3910 767 4003 porcellaneae
781 3910 959 3984 minores.
1099 3980 1102 3983 ,

333 4035 534 4109 Crucibuta
555 4036 794 4130 porcellaner
811 4058 899 4110 cum
917 4037 1105 4130 operculo.

330 4161 513 4238 utensilia
537 4164 586 4238 ad
605 4164 782 4258 anulyses
797 4164 1066 4239 volumetn'cas
1085 4163 1331 4258 perficiendas
1350 4162 1419 4238 im·

223 4290 353 4382 primis
386 4290 602 4364 necessaria
629 4290 853 4382 etquidem:

331 4421 367 4507 a)
387 4415 622 4506 Cucurbitae‚
644 4439 741 4509 quae
779 4438 999 4491 mensuram
1027 4417 1140 4492 unius
1165 4417 1283 4507 littae,
1307 4417 1419 4491 semi-

223 4545 328 4617 litrae
349 4548 386 4617 et
405 4544 624 4638 quadrantis
643 4544 761 4632 litrae,
781 4545 1085 4619 centimetrorum
1104 4545 1323 4619 cubicorum
1346 4544 1423 4618 150

225 4676 261 4743 et
284 4672 358 4744 100
379 4677 552 4745 accurate
574 4671 821 4747 determinare
840 4672 979 4746 sinunt.
