<?xml version="1.0" encoding="UTF-8"?>
<!DOCTYPE html PUBLIC "-//W3C//DTD XHTML 1.0 Transitional//EN"
    "http://www.w3.org/TR/xhtml1/DTD/xhtml1-transitional.dtd">
<html xmlns="http://www.w3.org/1999/xhtml" xml:lang="en" lang="en">
 <head>
  <title>
</title>
<meta http-equiv="Content-Type" content="text/html;charset=utf-8" />
  <meta name='ocr-system' content='tesseract 3.04.00' />
  <meta name='ocr-capabilities' content='ocr_page ocr_carea ocr_par ocr_line ocrx_word'/>
</head>
<body>
  <div class='ocr_page' id='page_1' title='image "./pharmacopoeaaus00innegoog_0154.png"; bbox 0 0 3725 5400; ppageno 0'>
   <div class='ocr_carea' id='block_1_1' title="bbox 911 472 1147 543">
    <p class='ocr_par' dir='ltr' id='par_1_1' title="bbox 911 472 1147 543">
     <span class='ocr_line' id='line_1_1' title="bbox 911 472 1147 543; baseline 0 -1"><span class='ocrx_word' id='word_1_1' title='bbox 911 472 1147 543; x_wconf 80' lang='lat' dir='ltr'>-rre-</span> 
     </span>
    </p>
   </div>
   <div class='ocr_carea' id='block_1_2' title="bbox 720 684 1334 841">
    <p class='ocr_par' dir='ltr' id='par_1_2' title="bbox 720 684 1334 841">
     <span class='ocr_line' id='line_1_2' title="bbox 720 684 1334 841; baseline 0 -24"><span class='ocrx_word' id='word_1_2' title='bbox 720 685 1033 820; x_wconf 70' lang='lat' dir='ltr'>burrum</span> <span class='ocrx_word' id='word_1_3' title='bbox 1071 684 1334 841; x_wconf 64' lang='lat' dir='ltr'>bbebae.</span> 
     </span>
    </p>
   </div>
   <div class='ocr_carea' id='block_1_3' title="bbox 429 925 1629 2417">
    <p class='ocr_par' dir='ltr' id='par_1_3' title="bbox 429 925 1629 2417">
     <span class='ocr_line' id='line_1_3' title="bbox 429 925 1302 1023; baseline 0 -25"><span class='ocrx_word' id='word_1_4' title='bbox 429 925 504 1021; x_wconf 88' lang='lat' dir='ltr'>Rp:</span> <span class='ocrx_word' id='word_1_5' title='bbox 541 930 684 1000; x_wconf 64' lang='lat' dir='ltr'>mustus</span> <span class='ocrx_word' id='word_1_6' title='bbox 704 928 854 1000; x_wconf 80' lang='lat' dir='ltr'>dubebae</span> <span class='ocrx_word' id='word_1_7' title='bbox 874 938 932 1008; x_wconf 74' lang='lat' dir='ltr'>(tv)</span> <span class='ocrx_word' id='word_1_8' title='bbox 1225 951 1256 1023; x_wconf 83' lang='lat' dir='ltr'>q.</span> <span class='ocrx_word' id='word_1_9' title='bbox 1275 949 1302 999; x_wconf 81' lang='lat' dir='ltr'>s.</span> 
     </span>
     <span class='ocr_line' id='line_1_4' title="bbox 501 1050 1629 1146; baseline 0.004 -22"><span class='ocrx_word' id='word_1_10' title='bbox 501 1051 737 1144; x_wconf 86' lang='lat' dir='ltr'>Inapparatu</span> <span class='ocrx_word' id='word_1_11' title='bbox 748 1050 964 1146; x_wconf 82' lang='lat' dir='ltr'>depulsoria</span> <span class='ocrx_word' id='word_1_12' title='bbox 974 1050 1137 1144; x_wconf 81' lang='lat' dir='ltr'>perfecte</span> <span class='ocrx_word' id='word_1_13' title='bbox 1148 1052 1300 1125; x_wconf 85' lang='lat' dir='ltr'>extrahe</span> <span class='ocrx_word' id='word_1_14' title='bbox 1311 1073 1397 1125; x_wconf 87' lang='lat' dir='ltr'>cum</span> <span class='ocrx_word' id='word_1_15' title='bbox 1407 1054 1573 1128; x_wconf 81' lang='lat' dir='ltr'>miscella</span> <span class='ocrx_word' id='word_1_16' title='bbox 1583 1076 1629 1129; x_wconf 84' lang='lat' dir='ltr'>ex</span> 
     </span>
     <span class='ocr_line' id='line_1_5' title="bbox 537 1181 693 1252; baseline -0.006 0"><span class='ocrx_word' id='word_1_17' title='bbox 537 1181 693 1252; x_wconf 77' lang='lat' dir='ltr'>Aetheris</span> 
     </span>
     <span class='ocr_line' id='line_1_6' title="bbox 539 1303 1500 1403; baseline 0.001 -23"><span class='ocrx_word' id='word_1_18' title='bbox 539 1309 685 1399; x_wconf 79' lang='lat' dir='ltr'>Spiritus</span> <span class='ocrx_word' id='word_1_19' title='bbox 703 1309 781 1379; x_wconf 87' lang='lat' dir='ltr'>Vini</span> <span class='ocrx_word' id='word_1_20' title='bbox 1032 1303 1078 1378; x_wconf 71' lang='lat' dir='ltr'>dd</span> <span class='ocrx_word' id='word_1_21' title='bbox 1101 1304 1265 1401; x_wconf 65' lang='lat' dir='ltr'>partitae</span> <span class='ocrx_word' id='word_1_22' title='bbox 1285 1305 1500 1403; x_wconf 69' lang='lat' dir='ltr'>aequalitas.</span> 
     </span>
     <span class='ocr_line' id='line_1_7' title="bbox 501 1433 1629 1529; baseline 0.003 -23"><span class='ocrx_word' id='word_1_23' title='bbox 501 1433 702 1526; x_wconf 82' lang='lat' dir='ltr'>liquorem</span> <span class='ocrx_word' id='word_1_24' title='bbox 753 1434 950 1507; x_wconf 88' lang='lat' dir='ltr'>obtentum</span> <span class='ocrx_word' id='word_1_25' title='bbox 998 1433 1116 1507; x_wconf 89' lang='lat' dir='ltr'>libera</span> <span class='ocrx_word' id='word_1_26' title='bbox 1149 1433 1371 1508; x_wconf 85' lang='lat' dir='ltr'>destillando</span> <span class='ocrx_word' id='word_1_27' title='bbox 1428 1458 1452 1508; x_wconf 87' lang='lat' dir='ltr'>a</span> <span class='ocrx_word' id='word_1_28' title='bbox 1497 1435 1629 1529; x_wconf 87' lang='lat' dir='ltr'>spiritu</span> 
     </span>
     <span class='ocr_line' id='line_1_8' title="bbox 431 1560 1628 1655; baseline 0.004 -23"><span class='ocrx_word' id='word_1_29' title='bbox 431 1560 607 1633; x_wconf 89' lang='lat' dir='ltr'>aethereo</span> <span class='ocrx_word' id='word_1_30' title='bbox 628 1566 665 1634; x_wconf 92' lang='lat' dir='ltr'>et</span> <span class='ocrx_word' id='word_1_31' title='bbox 682 1560 889 1650; x_wconf 90' lang='lat' dir='ltr'>residuum,</span> <span class='ocrx_word' id='word_1_32' title='bbox 919 1560 953 1634; x_wconf 90' lang='lat' dir='ltr'>si</span> <span class='ocrx_word' id='word_1_33' title='bbox 973 1582 1069 1653; x_wconf 87' lang='lat' dir='ltr'>opus</span> <span class='ocrx_word' id='word_1_34' title='bbox 1089 1565 1156 1649; x_wconf 75' lang='lat' dir='ltr'>est</span> <span class='ocrx_word' id='word_1_35' title='bbox 1182 1561 1309 1652; x_wconf 82' lang='lat' dir='ltr'>redige</span> <span class='ocrx_word' id='word_1_36' title='bbox 1329 1563 1569 1655; x_wconf 80' lang='lat' dir='ltr'>evaporando</span> <span class='ocrx_word' id='word_1_37' title='bbox 1588 1563 1628 1637; x_wconf 90' lang='lat' dir='ltr'>iu</span> 
     </span>
     <span class='ocr_line' id='line_1_9' title="bbox 430 1687 1406 1780; baseline 0.003 -21"><span class='ocrx_word' id='word_1_38' title='bbox 430 1687 567 1761; x_wconf 82' lang='lat' dir='ltr'>baineo</span> <span class='ocrx_word' id='word_1_39' title='bbox 588 1708 709 1780; x_wconf 89' lang='lat' dir='ltr'>aquae</span> <span class='ocrx_word' id='word_1_40' title='bbox 730 1687 778 1761; x_wconf 91' lang='lat' dir='ltr'>ad</span> <span class='ocrx_word' id='word_1_41' title='bbox 798 1688 1081 1762; x_wconf 81' lang='lat' dir='ltr'>consistentiam</span> <span class='ocrx_word' id='word_1_42' title='bbox 1101 1688 1254 1761; x_wconf 78' lang='lat' dir='ltr'>extracti</span> <span class='ocrx_word' id='word_1_43' title='bbox 1271 1689 1406 1762; x_wconf 86' lang='lat' dir='ltr'>tenuis.</span> 
     </span>
     <span class='ocr_line' id='line_1_10' title="bbox 537 1814 1628 1905; baseline 0.002 -18"><span class='ocrx_word' id='word_1_44' title='bbox 537 1814 935 1889; x_wconf 79' lang='lat' dir='ltr'>ExtrartumCubebae</span> <span class='ocrx_word' id='word_1_45' title='bbox 945 1816 994 1889; x_wconf 92' lang='lat' dir='ltr'>sit</span> <span class='ocrx_word' id='word_1_46' title='bbox 1003 1815 1137 1888; x_wconf 82' lang='lat' dir='ltr'>eoloris</span> <span class='ocrx_word' id='word_1_47' title='bbox 1148 1816 1246 1889; x_wconf 77' lang='lat' dir='ltr'>fusci</span> <span class='ocrx_word' id='word_1_48' title='bbox 1256 1822 1321 1890; x_wconf 87' lang='lat' dir='ltr'>aut</span> <span class='ocrx_word' id='word_1_49' title='bbox 1330 1817 1628 1905; x_wconf 87' lang='lat' dir='ltr'>olivacei‚0doris</span> 
     </span>
     <span class='ocr_line' id='line_1_11' title="bbox 429 1942 1628 2037; baseline 0.001 -22"><span class='ocrx_word' id='word_1_50' title='bbox 429 1942 536 2016; x_wconf 76' lang='lat' dir='ltr'>fords</span> <span class='ocrx_word' id='word_1_51' title='bbox 560 1942 705 2015; x_wconf 83' lang='lat' dir='ltr'>fructus</span> <span class='ocrx_word' id='word_1_52' title='bbox 727 1942 912 2032; x_wconf 87' lang='lat' dir='ltr'>Cubebae,</span> <span class='ocrx_word' id='word_1_53' title='bbox 935 1942 975 2015; x_wconf 91' lang='lat' dir='ltr'>in</span> <span class='ocrx_word' id='word_1_54' title='bbox 994 1943 1160 2016; x_wconf 87' lang='lat' dir='ltr'>miscella</span> <span class='ocrx_word' id='word_1_55' title='bbox 1179 1965 1199 2016; x_wconf 90' lang='lat' dir='ltr'>e</span> <span class='ocrx_word' id='word_1_56' title='bbox 1219 1944 1388 2036; x_wconf 86' lang='lat' dir='ltr'>partibus</span> <span class='ocrx_word' id='word_1_57' title='bbox 1408 1944 1628 2037; x_wconf 83' lang='lat' dir='ltr'>aequalibus</span> 
     </span>
     <span class='ocr_line' id='line_1_12' title="bbox 431 2069 1455 2164; baseline 0.003 -23"><span class='ocrx_word' id='word_1_58' title='bbox 431 2069 594 2143; x_wconf 83' lang='lat' dir='ltr'>aetheris</span> <span class='ocrx_word' id='word_1_59' title='bbox 615 2075 651 2143; x_wconf 87' lang='lat' dir='ltr'>et</span> <span class='ocrx_word' id='word_1_60' title='bbox 669 2070 821 2163; x_wconf 84' lang='lat' dir='ltr'>spiritus</span> <span class='ocrx_word' id='word_1_61' title='bbox 840 2070 916 2142; x_wconf 80' lang='lat' dir='ltr'>vini</span> <span class='ocrx_word' id='word_1_62' title='bbox 934 2071 1097 2163; x_wconf 81' lang='lat' dir='ltr'>perfecte</span> <span class='ocrx_word' id='word_1_63' title='bbox 1115 2071 1267 2164; x_wconf 89' lang='lat' dir='ltr'>limpide</span> <span class='ocrx_word' id='word_1_64' title='bbox 1286 2073 1455 2145; x_wconf 88' lang='lat' dir='ltr'>solubile.</span> 
     </span>
     <span class='ocr_line' id='line_1_13' title="bbox 499 2195 1625 2272; baseline 0.003 -4"><span class='ocrx_word' id='word_1_65' title='bbox 499 2211 503 2220; x_wconf 84' lang='grc'>’</span> <span class='ocrx_word' id='word_1_66' title='bbox 540 2195 750 2269; x_wconf 76' lang='lat' dir='ltr'>Pauxiilum</span> <span class='ocrx_word' id='word_1_67' title='bbox 768 2196 930 2269; x_wconf 80' lang='lat' dir='ltr'>Extracti</span> <span class='ocrx_word' id='word_1_68' title='bbox 954 2198 1120 2270; x_wconf 90' lang='lat' dir='ltr'>solutum</span> <span class='ocrx_word' id='word_1_69' title='bbox 1142 2197 1182 2270; x_wconf 89' lang='lat' dir='ltr'>in</span> <span class='ocrx_word' id='word_1_70' title='bbox 1206 2198 1313 2271; x_wconf 81' lang='lat' dir='ltr'>acido</span> <span class='ocrx_word' id='word_1_71' title='bbox 1338 2198 1517 2272; x_wconf 84' lang='lat' dir='ltr'>sulfurien</span> <span class='ocrx_word' id='word_1_72' title='bbox 1538 2219 1625 2271; x_wconf 85' lang='lat' dir='ltr'>eon·</span> 
     </span>
     <span class='ocr_line' id='line_1_14' title="bbox 432 2324 1173 2417; baseline 0.003 -21"><span class='ocrx_word' id='word_1_73' title='bbox 432 2327 599 2396; x_wconf 82' lang='lat' dir='ltr'>centrata</span> <span class='ocrx_word' id='word_1_74' title='bbox 620 2324 784 2396; x_wconf 85' lang='lat' dir='ltr'>colorem</span> <span class='ocrx_word' id='word_1_75' title='bbox 803 2324 960 2397; x_wconf 88' lang='lat' dir='ltr'>rubrum</span> <span class='ocrx_word' id='word_1_76' title='bbox 979 2326 1173 2417; x_wconf 80' lang='lat' dir='ltr'>producat.</span> 
     </span>
    </p>
   </div>
   <div class='ocr_carea' id='block_1_4' title="bbox 679 2574 1390 2712">
    <p class='ocr_par' dir='ltr' id='par_1_4' title="bbox 679 2574 1390 2712">
     <span class='ocr_line' id='line_1_15' title="bbox 679 2574 1390 2712; baseline 0.006 -6"><span class='ocrx_word' id='word_1_77' title='bbox 679 2574 989 2709; x_wconf 73' lang='lat' dir='ltr'>Extremum</span> <span class='ocrx_word' id='word_1_78' title='bbox 1027 2575 1390 2712; x_wconf 81' lang='lat' dir='ltr'>bulcanarae.</span> 
     </span>
    </p>
   </div>
   <div class='ocr_carea' id='block_1_5' title="bbox 432 2794 1628 3525">
    <p class='ocr_par' dir='ltr' id='par_1_5' title="bbox 432 2794 1628 3271">
     <span class='ocr_line' id='line_1_16' title="bbox 542 2794 1627 2889; baseline 0.003 -20"><span class='ocrx_word' id='word_1_79' title='bbox 542 2796 699 2869; x_wconf 84' lang='lat' dir='ltr'>Paretur</span> <span class='ocrx_word' id='word_1_80' title='bbox 737 2818 757 2869; x_wconf 88' lang='lat' dir='ltr'>e</span> <span class='ocrx_word' id='word_1_81' title='bbox 797 2794 966 2870; x_wconf 73' lang='lat' dir='ltr'>Cautibus</span> <span class='ocrx_word' id='word_1_82' title='bbox 997 2796 1238 2870; x_wconf 81' lang='lat' dir='ltr'>Dulcamarae</span> <span class='ocrx_word' id='word_1_83' title='bbox 1268 2820 1313 2889; x_wconf 84' lang='lat'><em>(11)</em></span> <span class='ocrx_word' id='word_1_84' title='bbox 1349 2803 1392 2871; x_wconf 84' lang='lat' dir='ltr'>ut</span> <span class='ocrx_word' id='word_1_85' title='bbox 1420 2803 1627 2872; x_wconf 79' lang='lat' dir='ltr'>extractum</span> 
     </span>
     <span class='ocr_line' id='line_1_17' title="bbox 434 2922 1628 3019; baseline 0.003 -23"><span class='ocrx_word' id='word_1_86' title='bbox 434 2922 624 2997; x_wconf 88' lang='lat' dir='ltr'>Centaurii</span> <span class='ocrx_word' id='word_1_87' title='bbox 641 2924 807 2998; x_wconf 87' lang='lat' dir='ltr'>minoris.</span> <span class='ocrx_word' id='word_1_88' title='bbox 836 2924 1052 2999; x_wconf 76' lang='lat' dir='ltr'>Extinctum</span> <span class='ocrx_word' id='word_1_89' title='bbox 1086 2927 1281 2999; x_wconf 89' lang='lat' dir='ltr'>obtentum</span> <span class='ocrx_word' id='word_1_90' title='bbox 1313 2926 1480 3019; x_wconf 87' lang='lat' dir='ltr'>spissum</span> <span class='ocrx_word' id='word_1_91' title='bbox 1512 2926 1628 2999; x_wconf 88' lang='lat' dir='ltr'>misce</span> 
     </span>
     <span class='ocr_line' id='line_1_18' title="bbox 433 3051 1627 3146; baseline 0.002 -23"><span class='ocrx_word' id='word_1_92' title='bbox 433 3072 520 3124; x_wconf 84' lang='lat' dir='ltr'>cum</span> <span class='ocrx_word' id='word_1_93' title='bbox 539 3051 687 3144; x_wconf 78' lang='lat' dir='ltr'>aequali</span> <span class='ocrx_word' id='word_1_94' title='bbox 706 3056 811 3144; x_wconf 86' lang='lat' dir='ltr'>parte</span> <span class='ocrx_word' id='word_1_95' title='bbox 832 3053 973 3143; x_wconf 80' lang='lat' dir='ltr'>gummi</span> <span class='ocrx_word' id='word_1_96' title='bbox 991 3051 1150 3126; x_wconf 81' lang='lat' dir='ltr'>Aeaeiae</span> <span class='ocrx_word' id='word_1_97' title='bbox 1169 3053 1209 3125; x_wconf 89' lang='lat' dir='ltr'>in</span> <span class='ocrx_word' id='word_1_98' title='bbox 1227 3054 1391 3146; x_wconf 87' lang='lat' dir='ltr'>pulvere,</span> <span class='ocrx_word' id='word_1_99' title='bbox 1423 3052 1627 3126; x_wconf 83' lang='lat' dir='ltr'>miseellam</span> 
     </span>
     <span class='ocr_line' id='line_1_19' title="bbox 432 3176 1012 3271; baseline 0.005 -21"><span class='ocrx_word' id='word_1_100' title='bbox 432 3176 533 3250; x_wconf 86' lang='lat' dir='ltr'>sicca</span> <span class='ocrx_word' id='word_1_101' title='bbox 552 3183 589 3251; x_wconf 87' lang='lat' dir='ltr'>et</span> <span class='ocrx_word' id='word_1_102' title='bbox 606 3178 732 3269; x_wconf 82' lang='lat' dir='ltr'>redige</span> <span class='ocrx_word' id='word_1_103' title='bbox 752 3179 792 3252; x_wconf 94' lang='lat' dir='ltr'>in</span> <span class='ocrx_word' id='word_1_104' title='bbox 810 3179 1012 3271; x_wconf 81' lang='lat' dir='ltr'>pulverem.</span> 
     </span>
    </p>

    <p class='ocr_par' dir='ltr' id='par_1_6' title="bbox 432 3301 1627 3525">
     <span class='ocr_line' id='line_1_20' title="bbox 541 3301 1627 3400; baseline 0.003 -24"><span class='ocrx_word' id='word_1_105' title='bbox 541 3301 758 3378; x_wconf 81' lang='lat' dir='ltr'>Extractum</span> <span class='ocrx_word' id='word_1_106' title='bbox 777 3306 1023 3379; x_wconf 76' lang='lat' dir='ltr'>Dideamarae</span> <span class='ocrx_word' id='word_1_107' title='bbox 1043 3307 1091 3379; x_wconf 89' lang='lat' dir='ltr'>sit</span> <span class='ocrx_word' id='word_1_108' title='bbox 1108 3305 1231 3400; x_wconf 78' lang='lat' dir='ltr'>pulvis</span> <span class='ocrx_word' id='word_1_109' title='bbox 1251 3306 1386 3380; x_wconf 88' lang='lat' dir='ltr'>coloris</span> <span class='ocrx_word' id='word_1_110' title='bbox 1405 3307 1501 3379; x_wconf 87' lang='lat' dir='ltr'>laete</span> <span class='ocrx_word' id='word_1_111' title='bbox 1520 3306 1627 3396; x_wconf 83' lang='lat' dir='ltr'>fusci,</span> 
     </span>
     <span class='ocr_line' id='line_1_21' title="bbox 432 3432 1515 3525; baseline 0.002 -21"><span class='ocrx_word' id='word_1_112' title='bbox 432 3432 579 3524; x_wconf 86' lang='lat' dir='ltr'>saporis</span> <span class='ocrx_word' id='word_1_113' title='bbox 600 3432 716 3504; x_wconf 87' lang='lat' dir='ltr'>amari</span> <span class='ocrx_word' id='word_1_114' title='bbox 736 3437 773 3505; x_wconf 91' lang='lat' dir='ltr'>et</span> <span class='ocrx_word' id='word_1_115' title='bbox 791 3434 973 3522; x_wconf 75' lang='lat' dir='ltr'>subactis,</span> <span class='ocrx_word' id='word_1_116' title='bbox 993 3434 1032 3506; x_wconf 92' lang='lat' dir='ltr'>in</span> <span class='ocrx_word' id='word_1_117' title='bbox 1052 3454 1152 3525; x_wconf 87' lang='lat' dir='ltr'>aqua</span> <span class='ocrx_word' id='word_1_118' title='bbox 1169 3432 1316 3507; x_wconf 81' lang='lat' dir='ltr'>turbide</span> <span class='ocrx_word' id='word_1_119' title='bbox 1336 3433 1515 3506; x_wconf 89' lang='lat' dir='ltr'>solubilis.</span> 
     </span>
    </p>
   </div>
   <div class='ocr_carea' id='block_1_6' title="bbox 435 3684 1626 3799">
    <p class='ocr_par' dir='ltr' id='par_1_7' title="bbox 435 3684 1626 3799">
     <span class='ocr_line' id='line_1_22' title="bbox 435 3684 1626 3799; baseline 0 -5"><span class='ocrx_word' id='word_1_120' title='bbox 435 3687 938 3797; x_wconf 59' lang='lat' dir='ltr'>meracium</span> <span class='ocrx_word' id='word_1_121' title='bbox 997 3684 1287 3799; x_wconf 66' lang='lat' dir='ltr'>wicta</span> <span class='ocrx_word' id='word_1_122' title='bbox 1339 3684 1626 3796; x_wconf 71' lang='lat' dir='ltr'>murts.</span> 
     </span>
    </p>
   </div>
   <div class='ocr_carea' id='block_1_7' title="bbox 431 3867 1630 4729">
    <p class='ocr_par' dir='ltr' id='par_1_8' title="bbox 432 3867 1627 4087">
     <span class='ocr_line' id='line_1_23' title="bbox 539 3867 1627 3962; baseline -0.001 -19"><span class='ocrx_word' id='word_1_123' title='bbox 539 3870 698 3945; x_wconf 84' lang='lat' dir='ltr'>Paretur</span> <span class='ocrx_word' id='word_1_124' title='bbox 740 3892 761 3944; x_wconf 89' lang='lat' dir='ltr'>e</span> <span class='ocrx_word' id='word_1_125' title='bbox 799 3870 936 3943; x_wconf 76' lang='lat' dir='ltr'>Redire</span> <span class='ocrx_word' id='word_1_126' title='bbox 978 3870 1101 3944; x_wconf 72' lang='lat' dir='ltr'>Fidicis</span> <span class='ocrx_word' id='word_1_127' title='bbox 1147 3871 1260 3943; x_wconf 82' lang='lat' dir='ltr'>maris</span> <span class='ocrx_word' id='word_1_128' title='bbox 1297 3890 1354 3962; x_wconf 77' lang='grc' dir='ltr'>(ιν)</span> <span class='ocrx_word' id='word_1_129' title='bbox 1396 3867 1627 3943; x_wconf 86' lang='lat' dir='ltr'>extrahendo</span> 
     </span>
     <span class='ocr_line' id='line_1_24' title="bbox 432 3998 1091 4087; baseline 0 -17"><span class='ocrx_word' id='word_1_130' title='bbox 432 3998 596 4087; x_wconf 82' lang='lat' dir='ltr'>aethere,</span> <span class='ocrx_word' id='word_1_131' title='bbox 616 4004 659 4072; x_wconf 87' lang='lat' dir='ltr'>ut</span> <span class='ocrx_word' id='word_1_132' title='bbox 678 4004 886 4073; x_wconf 83' lang='lat' dir='ltr'>extractum</span> <span class='ocrx_word' id='word_1_133' title='bbox 907 3998 1091 4072; x_wconf 87' lang='lat' dir='ltr'>Cubebae.</span> 
     </span>
    </p>

    <p class='ocr_par' dir='ltr' id='par_1_9' title="bbox 432 4122 1625 4473">
     <span class='ocr_line' id='line_1_25' title="bbox 541 4122 1625 4218; baseline 0 -21"><span class='ocrx_word' id='word_1_134' title='bbox 541 4124 595 4198; x_wconf 87' lang='lat' dir='ltr'>Sit</span> <span class='ocrx_word' id='word_1_135' title='bbox 632 4127 768 4200; x_wconf 90' lang='lat' dir='ltr'>coloris</span> <span class='ocrx_word' id='word_1_136' title='bbox 803 4150 823 4201; x_wconf 93' lang='lat' dir='ltr'>e</span> <span class='ocrx_word' id='word_1_137' title='bbox 857 4126 964 4200; x_wconf 86' lang='lat' dir='ltr'>viridi</span> <span class='ocrx_word' id='word_1_138' title='bbox 983 4126 1090 4216; x_wconf 83' lang='lat' dir='ltr'>fusci,</span> <span class='ocrx_word' id='word_1_139' title='bbox 1126 4124 1252 4199; x_wconf 88' lang='lat' dir='ltr'>odoris</span> <span class='ocrx_word' id='word_1_140' title='bbox 1286 4124 1484 4218; x_wconf 85' lang='lat' dir='ltr'>peculiaris</span> <span class='ocrx_word' id='word_1_141' title='bbox 1521 4122 1625 4197; x_wconf 91' lang='lat' dir='ltr'>haud</span> 
     </span>
     <span class='ocr_line' id='line_1_26' title="bbox 432 4250 1625 4347; baseline -0.001 -22"><span class='ocrx_word' id='word_1_142' title='bbox 432 4252 540 4344; x_wconf 83' lang='lat' dir='ltr'>grati3</span> <span class='ocrx_word' id='word_1_143' title='bbox 570 4254 738 4326; x_wconf 87' lang='lat' dir='ltr'>solvatur</span> <span class='ocrx_word' id='word_1_144' title='bbox 761 4255 872 4347; x_wconf 87' lang='lat' dir='ltr'>plane</span> <span class='ocrx_word' id='word_1_145' title='bbox 896 4254 936 4327; x_wconf 93' lang='lat' dir='ltr'>in</span> <span class='ocrx_word' id='word_1_146' title='bbox 956 4252 1117 4326; x_wconf 88' lang='lat' dir='ltr'>aethere.</span> <span class='ocrx_word' id='word_1_147' title='bbox 1137 4252 1280 4326; x_wconf 80' lang='lat' dir='ltr'>Salutio</span> <span class='ocrx_word' id='word_1_148' title='bbox 1301 4251 1477 4325; x_wconf 83' lang='lat' dir='ltr'>aetherea</span> <span class='ocrx_word' id='word_1_149' title='bbox 1496 4250 1625 4324; x_wconf 81' lang='lat' dir='ltr'>addito</span> 
     </span>
     <span class='ocr_line' id='line_1_27' title="bbox 432 4363 1622 4473; baseline -0.001 -21"><span class='ocrx_word' id='word_1_150' title='bbox 432 4363 649 4453; x_wconf 89' lang='lat' dir='ltr'>abundante</span> <span class='ocrx_word' id='word_1_151' title='bbox 669 4380 820 4454; x_wconf 85' lang='lat' dir='ltr'>aethere</span> <span class='ocrx_word' id='word_1_152' title='bbox 841 4381 996 4473; x_wconf 88' lang='lat' dir='ltr'>petrolei</span> <span class='ocrx_word' id='word_1_153' title='bbox 1014 4380 1298 4473; x_wconf 81' lang='lat' dir='ltr'>praecipitatum</span> <span class='ocrx_word' id='word_1_154' title='bbox 1315 4379 1510 4472; x_wconf 80' lang='lat' dir='ltr'>producat</span> <span class='ocrx_word' id='word_1_155' title='bbox 1578 4421 1581 4426; x_wconf 74' lang='grc'><em>·</em></span> <span class='ocrx_word' id='word_1_156' title='bbox 1620 4418 1622 4422; x_wconf 67' lang='lat'>‚</span> 
     </span>
    </p>

    <p class='ocr_par' dir='ltr' id='par_1_10' title="bbox 431 4505 1630 4729">
     <span class='ocr_line' id='line_1_28' title="bbox 539 4505 1630 4599; baseline -0.003 -18"><span class='ocrx_word' id='word_1_157' title='bbox 539 4507 757 4581; x_wconf 83' lang='lat' dir='ltr'>Extractum</span> <span class='ocrx_word' id='word_1_158' title='bbox 776 4508 896 4581; x_wconf 85' lang='lat' dir='ltr'>Fib&#39;eis</span> <span class='ocrx_word' id='word_1_159' title='bbox 915 4508 1030 4581; x_wconf 90' lang='lat' dir='ltr'>maris</span> <span class='ocrx_word' id='word_1_160' title='bbox 1060 4528 1107 4579; x_wconf 92' lang='lat' dir='ltr'>ne</span> <span class='ocrx_word' id='word_1_161' title='bbox 1128 4506 1367 4599; x_wconf 87' lang='lat' dir='ltr'>dispensetur</span> <span class='ocrx_word' id='word_1_162' title='bbox 1384 4507 1456 4579; x_wconf 90' lang='lat' dir='ltr'>nisi</span> <span class='ocrx_word' id='word_1_163' title='bbox 1476 4505 1630 4596; x_wconf 83' lang='lat' dir='ltr'>diligen·</span> 
     </span>
     <span class='ocr_line' id='line_1_29' title="bbox 431 4635 830 4729; baseline 0.003 -21"><span class='ocrx_word' id='word_1_164' title='bbox 431 4635 574 4709; x_wconf 83' lang='lat' dir='ltr'>tissime</span> <span class='ocrx_word' id='word_1_165' title='bbox 593 4636 830 4729; x_wconf 85' lang='lat' dir='ltr'>permixtum.</span> 
     </span>
    </p>
   </div>
   <div class='ocr_carea' id='block_1_8' title="bbox 0 0 1869 5400">
    <p class='ocr_par' dir='ltr' id='par_1_11' title="bbox 0 0 1869 5400">
     <span class='ocr_line' id='line_1_30' title="bbox 0 0 1869 5400; baseline 0 0"><span class='ocrx_word' id='word_1_166' title='bbox 0 0 1869 5400; x_wconf 95' lang='lat' dir='ltr'> </span> 
     </span>
    </p>
   </div>
  </div>
 </body>
</html>
