3725 5400
926 504 1163 577 -234—

556 722 718 796 Maxima
730 743 819 814 pars
830 720 937 814 Ligni
952 743 1024 814 ope
1034 719 1271 814 microscopii
1286 721 1466 815 explorati
1481 725 1540 794 est
1554 741 1642 793 con·

447 844 629 925 structa'e
648 849 753 922 fibris
772 848 933 922 maxime
948 848 1166 922 incrassatis
1184 847 1469 935 libritormibus;
1489 847 1643 921 cellulae

448 976 807 1073 parenchymaticae,
845 997 962 1049 zonas
1001 974 1137 1049 coloris
1175 974 1357 1048 dilutioris
1394 974 1434 1048 in
1476 974 1644 1048 sectione

448 1103 688 1177 transversali
720 1104 939 1192 formantes
974 1102 1110 1196 partim
1142 1101 1337 1195 crystallos
1371 1101 1476 1176 calcii
1514 1101 1645 1175 oxalici

449 1232 637 1325 simplices
664 1230 866 1305 continent

559 1359 699 1452 Liquor
716 1359 894 1431 obtentus
915 1361 1211 1450 conquassando
1226 1358 1387 1451 Lignum
1405 1378 1493 1431 cum
1512 1357 1644 1451 spiritu

449 1484 526 1558 vini
542 1485 781 1578 evaporando
797 1486 977 1579 praebeat
986 1485 1193 1576 residuum,
1205 1484 1308 1579 quod
1318 1483 1447 1558 addita
1457 1482 1643 1557 solutione

451 1612 653 1705 spirituosa
671 1612 758 1685 lern'
776 1613 1065 1705 sesquiclrlorati
1084 1613 1120 1708 (1
1139 1643 1187 1676 =
1206 1612 1298 1708 100)
1327 1611 1494 1686 colorem
1518 1631 1646 1683 caeru·

452 1742 553 1813 leum
573 1744 860 1814 evanescentem
882 1740 1016 1812 trahat

559 1867 711 1940 Rasum
735 1866 841 1958 Ligni
860 1865 1013 1940 Guaiaci
1038 1865 1182 1940 venalis
1211 1866 1260 1939 sit
1278 1864 1414 1939 coloris
1442 1866 1648 1958 aequaliter

451 1992 832 2068 lusco-viridescentis
854 1992 1075 2081 duraminis;
1099 2014 1148 2067 ne
1173 1993 1221 2066 sit
1239 1994 1355 2066 mixta
1372 2014 1460 2066 cum
1478 1992 1646 2065 frustulis

452 2120 585 2194 albidis
605 2141 651 2193 ex
670 2120 829 2193 alburno
849 2122 908 2194 vel
932 2142 953 2192 e
971 2120 1082 2213 lignis
1102 2119 1232 2193 alienis
1252 2120 1439 2193 derivatis,

565 2247 640 2320 100
659 2253 785 2339 partes
804 2268 962 2321 rasurae
982 2268 1030 2320 ne
1059 2248 1279 2341 plusquam
1306 2252 1433 2341 partes
1459 2246 1482 2321 0
1513 2246 1647 2320 cineris

453 2397 473 2447 e
494 2375 616 2467 griseo
637 2374 710 2447 albi
728 2375 953 2468 relinquant

734 2625 960 2797 lignun
988 2626 1376 2797 Hacnatoxyli.

771 2851 944 2956 Lignum
967 2849 1322 2954 Campcclrianum.

562 3007 841 3106 Hacmatocylon
874 3007 1166 3105 Campechianum
1193 3012 1244 3101 L.‚
1279 3012 1392 3084 arbor
1414 3010 1453 3083 in
1477 3011 1650 3084 America

455 3136 607 3211 centrali
630 3135 815 3229 indigena.

560 3263 752 3337 Duramen
793 3262 926 3352 trunci,
970 3269 1148 3356 prostans
1185 3264 1224 3337 in
1267 3264 1460 3339 codicibus
1501 3265 1649 3357 magnis

454 3392 589 3464 cortice
609 3395 646 3464 et
665 3392 823 3464 alburno
839 3389 963 3463 albido
983 3389 1182 3480 destitutis,
1204 3391 1649 3466 extrinsecusecaemleo

454 3519 556 3608 atris,
572 3518 674 3592 intus
695 3541 715 3592 e
733 3519 842 3591 fusco
857 3518 994 3606 rubris
1015 3519 1286 3611 ponderosum,
1299 3518 1446 3609 durum,
1463 3518 1502 3594 in
1511 3520 1651 3593 fissura

454 3666 587 3738 grosse
619 3645 814 3733 fibrosum,
844 3645 883 3717 in
912 3645 1079 3718 sectione
1108 3649 1326 3719 transversa
1353 3647 1458 3719 zonis
1487 3649 1650 3722 subcon-

455 3772 626 3846 centricis
645 3771 849 3861 undulatis,
859 3793 927 3865 per
935 3772 1036 3845 vices
1046 3772 1171 3845 colore
1182 3772 1404 3846 saturatiore
1424 3779 1461 3847 et
1480 3774 1649 3849 dilutiore

364 3957 369 3966 .
401 3937 406 3946 ·
455 3906 492 3973 et
510 3899 623 3972 radiis
642 3898 912 3972 medullaribus
941 3900 1038 3972 inter
1057 3920 1098 3972 se
1117 3899 1297 3992 proximis
1318 3901 1571 3975 subtilissimis
1592 3924 1650 3976 or·

453 4030 597 4116 natum,
618 4027 765 4119 saporis
791 4025 997 4114 subdulcis,
1028 4027 1380 4118 subadstringentis
1412 4028 1651 4102 masticatum

454 4153 611 4227 salivam
631 4156 755 4227 colore
774 4155 942 4228 violaceo
962 4154 1123 4247 tingens

562 4278 605 4354 In
620 4281 780 4354 officinis
795 4303 900 4354 merx
913 4286 1059 4375 prostat
1073 4281 1192 4355 scissa
1211 4281 1249 4355 in
1263 4289 1436 4357 ramenta
1451 4288 1488 4357 et
1501 4284 1649 4372 scobes

455 4408 688 4481 extrinsecus
699 4409 887 4482 interdum
896 4410 1017 4482 nitore
1034 4430 1080 4481 ex
1090 4430 1205 4482 aureo
1215 4410 1461 4485 viridescente
1471 4411 1651 4505 praedita.

567 4534 643 4608 100
676 4541 803 4628 partes
823 4536 929 4627 Ligni
954 4558 1002 4608 ne
1041 4535 1127 4629 plus
1161 4558 1276 4629 quam
1307 4543 1433 4630 partes
1464 4539 1487 4611 3
1517 4538 1653 4612 cineris

455 4661 678 4755 relinquant
