3725 5400
741 464 951 536 ..57-

358 678 570 753 Calefactus
613 679 717 753 baud
758 680 973 773 liquescens
1011 680 1260 770 carbonescit,
1289 680 1443 754 residuo

247 805 375 880 relicto
395 807 532 880 coloris
552 828 572 880 e
592 805 773 880 subfusco
793 807 890 881 ssavi.
1433 866 1436 871 ,

356 933 484 1007 Pulvis
513 933 640 1007 addita
668 955 768 1027 aqua
790 933 1096 1027 hydrosulturata
1124 935 1289 1009 colorem
1322 934 1444 1027 nigro·

247 1061 399 1135 fuscum
434 1060 571 1154 induit,
613 1081 699 1135 cum
718 1061 817 1135 ferro
855 1062 1154 1154 sesquicblorato
1192 1063 1317 1136 soluto
1355 1083 1444 1135 con·

249 1191 455 1280 quassatus
475 1187 659 1281 liquorem
678 1189 891 1262 caeruleum
911 1188 1075 1280 praebet

357 1313 598 1389 Bismutbum
617 1314 874 1407 subgallicum,
903 1337 990 1390 cum
1011 1316 1198 1389 solutione
1227 1315 1338 1389 natrii
1366 1337 1445 1389 car·

248 1440 371 1515 bonici
405 1443 440 1534 (1
461 1473 510 1506 =
532 1443 594 1532 10)
627 1443 847 1515 calefactum
880 1442 1065 1535 liquorem
1089 1442 1286 1535 limpidum
1304 1443 1446 1516 ssavum

248 1567 409 1657 exhibet,
444 1569 508 1661 qui
540 1569 616 1643 aeri
635 1569 829 1662 expositus
860 1570 1004 1643 sensim
1033 1569 1251 1662 sensimque
1280 1570 1446 1644 colorem

248 1695 504 1769 obscuriorem
524 1696 665 1791 accipit.

357 1822 655 1914 Decigrammata
689 1825 712 1899 5
746 1823 931 1898 Bismutbi
964 1823 1158 1915 subgallici
1191 1827 1447 1916 conquassata

249 1968 335 2023 cum
350 1949 576 2023 centimetris
609 1950 749 2024 cubicis
770 1951 793 2024 5
824 1972 946 2043 aquae
978 1950 1165 2044 liquorem
1184 1950 1361 2044 produnt
1381 1950 1446 2043 qui

248 2075 407 2150 filtratus
426 2076 596 2151 chartam
614 2077 902 2170 exploratoriam
921 2099 969 2151 ne
989 2083 1118 2151 mutet

359 2202 537 2278 Gramma
550 2204 735 2278 Bismutbi
749 2204 944 2297 subgallici
958 2226 1046 2279 cum
1061 2204 1288 2278 centimetris
1304 2203 1446 2278 cubicis

255 2329 303 2402 10
318 2329 471 2422 spiritus
485 2331 562 2405 vini
586 2335 886 2424 conquassatum
912 2332 1099 2425 liquorem
1121 2333 1288 2425 praebet
1308 2331 1372 2424 qui
1390 2331 1445 2405 fil·

250 2462 372 2532 trabis
394 2461 431 2532 et
444 2463 671 2551 evaporatus
685 2479 734 2532 ne
748 2459 946 2533 residuum
961 2458 1446 2551 relinquatnisiminimum.

360 2583 508 2673 Quodsi
537 2585 829 2677 decigrammata
856 2586 879 2658 l
910 2586 1097 2660 Bismutbi
1120 2585 1314 2677 subgallici
1332 2588 1448 2661 mixta

253 2717 342 2787 sunt
373 2733 460 2788 cum
488 2714 705 2788 centimetro
739 2714 870 2788 cubico
899 2714 994 2788 acidi
1024 2713 1190 2789 sulfurici
1219 2716 1448 2789 concentrati

252 2844 291 2913 et
321 2840 565 2934 superinfusa
593 2842 779 2916 solutione
807 2841 895 2915 ferri
923 2841 1092 2915 sulduici
1119 2863 1167 2915 ne
1187 2842 1289 2916 color
1315 2843 1447 2916 fuscus

252 2966 402 3041 oriatur.

360 3094 506 3184 Quodsi
525 3117 694 3187 gramma
719 3095 905 3169 Bismutbi
935 3094 1129 3187 subgallici
1156 3095 1315 3187 ignitum
1339 3096 1446 3171 acido

249 3221 381 3296 uitrico
409 3223 666 3297 humectatum
696 3222 908 3296 calefeceris
936 3243 1060 3316 usque
1081 3222 1242 3297 evolutio
1262 3243 1447 3315 vaporum

249 3350 463 3439 cessaverit,
495 3354 584 3444 post
625 3348 945 3442 refrigerationem
982 3348 1211 3439 contriveris,
1250 3349 1290 3422 in
1325 3370 1448 3444 pauca

250 3476 455 3568 quantitate
485 3477 580 3550 acidi
603 3477 878 3570 hydrocblorici
903 3477 1060 3550 solveris
1089 3480 1126 3551 et
1153 3476 1241 3550 huic
1269 3476 1447 3549 solutioni

248 3603 425 3677 volumen
463 3604 601 3698 duplex
643 3604 840 3678 solutionis
878 3602 1006 3676 stanni
1052 3604 1208 3678 cblorati
1254 3601 1444 3692 adieceris,

249 3728 378 3804 mixtio
397 3730 493 3804 inter
512 3731 646 3804 horam
665 3732 829 3805 colorem
854 3730 1111 3805 obscuriorem
1129 3752 1177 3804 ne
1198 3729 1363 3822 accipiat

357 3855 502 3945 Quodsi
540 3857 734 3932 residuum
770 3857 988 3949 grammatis
1030 3856 1215 3930 Bismuthi
1253 3856 1447 3949 subgallici
1562 3909 1564 3914 .

249 3983 387 4079 optime
407 3985 533 4059 siccati
552 3984 592 4058 in
615 3985 690 4058 olla
707 3985 946 4077 porcellanea
969 3984 1017 4058 ad
1040 3984 1244 4077 perfectam
1270 3983 1444 4057 combus-

248 4111 390 4186 tionem
417 4112 547 4185 leniter
586 4111 849 4185 candefactum
871 4112 911 4184 in
930 4111 1037 4184 acido
1065 4110 1198 4184 uitrico
1227 4109 1384 4184 solveris
1410 4115 1447 4185 et

249 4239 435 4314 solutione
464 4245 572 4314 caute
597 4244 802 4332 evaporata
820 4238 1016 4312 residuum
1048 4259 1096 4312 ex
1128 4258 1228 4311 novo
1260 4236 1446 4330 igniveris,

250 4367 556 4459 centigrammata
594 4365 753 4439 53-55
783 4364 965 4438 bismutbi
999 4365 1151 4458 oxydati
1176 4363 1444 4457 relinquantur.

356 4493 438 4567 Hoc
457 4494 623 4586 oxydum
642 4491 799 4565 solvitur
816 4492 855 4564 in
877 4491 984 4565 acido
1004 4491 1134 4565 uitrico
1155 4497 1193 4566 et
1206 4489 1344 4565 solutio
1360 4489 1447 4564 dein

251 4621 405 4695 obtenta
450 4641 536 4694 cum
574 4618 800 4693 centimetris
847 4618 987 4692 cubicis
1026 4619 1078 4693 20
1116 4639 1237 4712 aquae
1284 4617 1446 4692 diluitur.
