3725 5400
715 565 760 574 -
794 521 876 595 aar
902 563 955 574 -

343 738 387 812 In
398 739 565 814 sectione
574 744 793 814 transversa
806 739 1023 813 rhizomatis
1039 739 1262 813 observatur
1276 744 1435 814 stratum

240 866 413 941 corticale
447 870 507 940 sat
538 868 655 941 latum
688 867 1005 960 abido-griseum,
1039 866 1079 940 in
1106 867 1258 959 regione
1295 867 1434 958 intima,

235 993 404 1087 proxime
430 1015 453 1066 a
484 992 587 1085 ligno
626 993 836 1088 composito
870 1016 890 1067 e
919 993 1108 1068 fasciculis
1142 993 1466 1069 cuneiformibus'

236 1119 450 1194 subcitrinis
477 1124 514 1193 et
541 1119 656 1193 radiis
680 1120 950 1195 medullaribus
968 1120 1053 1194 latis
1083 1120 1216 1194 albidis
1245 1121 1435 1214 signatum

237 1247 375 1321 circulo
396 1246 578 1320 ductuum
597 1246 934 1336 balsamiierorum,
956 1247 1107 1341 saepius
1126 1246 1224 1321 binis
1240 1252 1305 1321 aut
1317 1248 1435 1322 ternis

236 1373 501 1468 approximatis
522 1378 559 1447 et
577 1373 743 1447 medulla
762 1376 887 1468 ampla
906 1374 1039 1448 albida.

343 1500 387 1574 In
410 1500 576 1574 sectione
603 1504 822 1575 transversa
849 1501 1019 1575 radicum
1052 1500 1272 1574 observabis
1292 1500 1435 1594 lignum

237 1628 399 1702 centrale
418 1627 457 1701 in
476 1627 601 1701 medio
621 1628 802 1702 fasciculo
816 1650 836 1702 e
850 1628 955 1701 fibris
974 1627 1254 1717 libritormibuS,
1276 1633 1435 1702 stratum

237 1754 409 1829 corticale
423 1753 648 1829 latissimum
663 1759 700 1828 et
714 1754 895 1829 circulum
910 1756 1093 1829 ductuum
1107 1754 1434 1829 balsamiierorum

235 1881 449 1976 proximum
467 1880 737 1956 endodermidi.
773 1881 937 1956 Cellulae
960 1882 1263 1976 parenchymatis
1282 1880 1435 1956 Radicis

235 2008 396 2082 Arnicae
420 2029 551 2081 massa
575 2008 759 2102 amorpha
792 2012 857 2082 aut
890 2009 1272 2102 sphaerocrystallina
1303 2008 1436 2083 inulini
1503 1997 1506 2002 ’

236 2137 401 2229 repletae
422 2138 522 2208 sunt
561 2134 697 2227 Amylo
716 2134 838 2208 Radix
859 2140 970 2209 caret

349 2263 425 2337 100
446 2261 527 2336 eius
546 2266 673 2355 partes
692 2284 741 2336 ne
760 2262 886 2336 minus
912 2284 1028 2355 quarn
1056 2269 1182 2357 partes
1207 2265 1257 2337 14
1282 2263 1436 2338 extracti

237 2389 428 2485 spirituosi
447 2390 647 2464 exhibeant
661 2394 698 2463 et
712 2389 931 2464 combustae
946 2412 995 2464 ne
1009 2392 1096 2484 plus
1112 2413 1227 2485 quam
1240 2395 1366 2485 partes
1386 2391 1434 2463 15

239 2518 373 2592 cineris
392 2519 616 2612 relinquant.

346 2643 469 2720 Radix
486 2644 647 2719 Arnicae
666 2667 753 2719 vere
772 2646 832 2721 vel
852 2650 1033 2720 autumno
1054 2645 1248 2740 colligatur
1261 2667 1332 2720 nec
1348 2665 1436 2720 con·

191 2805 202 2827 ·
237 2772 418 2847 fundatur
436 2794 524 2847 cum
541 2771 747 2848 rhizomate
766 2773 928 2847 Hieracii
942 2798 1123 2848 murorum
1138 2774 1217 2866 (L),
1236 2773 1437 2866 Fraporioe

236 2921 354 2972 vescae
367 2899 438 2995 (L.)
454 2904 491 2973 et
503 2897 693 2973 Batonicoe
707 2898 898 2993 officinalis
910 2900 981 2994 (L.)
998 2900 1172 2975 ductibus
1187 2900 1436 2975 balsamiferis

238 3025 416 3100 destituto
439 3047 510 3100 nec
535 3047 623 3099 cum
645 3027 850 3101 rhizomate
872 3028 1056 3102 crassiore
1080 3027 1248 3121 undique
1268 3027 1435 3102 radicato

237 3151 430 3247 Eupatoca'i
448 3151 639 3225 cannabini
657 3152 725 3245 (L).

585 3421 762 3556 Radix
798 3423 1097 3558 dardanae.

345 3660 478 3757 Lappa
491 3661 650 3759 culparis
663 3662 695 3736 N
702 3663 903 3752 eilreich,
919 3665 1049 3758 planta
1062 3663 1222 3754 biennis,
1238 3685 1306 3758 per
1319 3668 1438 3738 totam

236 3788 314 3861 iere
334 3787 524 3882 Europam
544 3810 733 3862 crescens.

344 3914 467 3988 Radix
496 3914 654 4009 simplex
683 3921 748 3989 aut
776 3916 1014 4005 subramosa,
1043 3915 1250 3990 iusiionnis
1269 3918 1329 3990 vel
1348 3916 1436 3989 sub·

238 4040 438 4133 cylindrica
458 4063 630 4131 carnosa,
661 4042 800 4117 siccata
824 4064 939 4137 saepe
964 4043 1145 4132 subtorta,
1178 4042 1437 4117 5-1om11n-

237 4173 358 4241 metra
377 4190 517 4257 crassa,
543 4168 583 4242 in
602 4169 833 4243 extremitate
867 4170 1060 4263 superiore
1094 4190 1208 4264 saepe
1241 4169 1437 4244 residuum

239 4293 357 4369 caulis
395 4294 795 4371 abido-tomentosum
833 4297 972 4386 ferens
1013 4297 1245 4372 extrinsecus
1274 4297 1434 4389 longitu-

238 4422 411 4496 dinaliter
443 4443 586 4513 rugosa
625 4446 645 4497 e
678 4424 915 4516 nigrescente
952 4426 1077 4515 fusca,
1118 4425 1229 4513 dura,
1272 4424 1437 4498 fractura

238 4550 462 4637 subcomea,
497 4548 536 4622 in
562 4550 728 4625 sectione
761 4556 980 4625 transversa
1012 4551 1148 4626 cortice
1183 4550 1435 4624 crassiusculo

239 4677 337 4765 albo,
357 4680 501 4749 remote
521 4675 682 4750 obscure
701 4677 846 4750 radiato
872 4683 908 4750 et
940 4678 1041 4769 ligno
1076 4677 1211 4767 albido‚
1246 4677 1435 4751 fasciculis
1508 4670 1511 4675 ’
