3725 5400
724 478 932 555 „xv-

231 700 389 781 stitutio
412 707 454 781 et
476 700 718 781 adulteratio
750 702 1021 781 demonstrari
1041 706 1202 805 potest.
1238 700 1302 781 ld·
1318 703 1427 803 quod

231 863 408 943 maxime
440 864 717 944 necessarium
757 865 924 958 videtur,
965 889 1090 967 quum
1131 865 1172 953 in
1210 871 1424 968 praesente

231 1028 570 1132 pharmacopolae
580 1029 764 1132 pulveres
780 1029 1023 1133 simplicium
1042 1030 1221 1113 maxima
1238 1055 1292 1109 ex
1310 1037 1425 1133 parte

231 1192 341 1271 haud
361 1192 438 1295 ipsi
461 1193 690 1285 conficiunt,
712 1195 786 1273 sed
814 1193 897 1274 iam
928 1198 1093 1297 paratos
1125 1218 1148 1272 e
1180 1193 1426 1273 commercio

232 1362 303 1435 aut
325 1382 379 1435 ex
401 1355 573 1437 officinis
595 1357 766 1460 propriis
789 1381 925 1435 emere
950 1358 1090 1443 solent,
1110 1363 1153 1436 et
1174 1357 1425 1460 experientia

232 1522 415 1612 docente,
459 1519 657 1599 eiusmodi
705 1544 863 1625 merces
917 1522 970 1602 ad
1014 1520 1225 1602 minimum
1262 1520 1425 1625 saepius

232 1683 436 1786 qualitatis
457 1684 633 1775 minoris,
657 1708 739 1763 non
758 1707 850 1764 raro
870 1683 960 1786 plus
977 1684 1159 1763 minusve
1180 1684 1424 1787 inquinatae,

231 1847 486 1938 substitutae,
510 1846 592 1926 imo
616 1848 867 1927 adulteratae
890 1847 1057 1926 inveniri
1079 1847 1284 1952 contingit.

339 2010 462 2087 Haud
485 2009 754 2088 dubitandum
773 2016 847 2102 est,
880 2010 975 2112 quin
1009 2010 1209 2089 eiusmodi
1228 2011 1423 2112 pulveres

231 2173 470 2275 praesertim
493 2174 602 2274 quod
624 2174 770 2252 attinet
796 2173 1065 2253 medicamina
1086 2172 1282 2276 simplicia
1312 2180 1424 2251 nota·

231 2335 334 2428 bilia,
366 2335 545 2415 studium
578 2336 685 2415 idern
710 2337 752 2416 in
778 2341 898 2416 textu
920 2334 1269 2439 pharmacopoeae
1302 2358 1424 2438 expo·

231 2506 348 2580 scant
370 2499 488 2602 quale
510 2506 751 2603 praeparata
773 2500 977 2583 chemioa.-

338 2663 385 2743 In
418 2664 601 2768 plurimis
640 2664 888 2768 simplicibus
920 2664 1186 2745 officinalibus
1218 2663 1422 2767 quantitas

231 2828 375 2906 cineris
399 2830 565 2907 modum
587 2852 668 2908 non
692 2830 895 2908 excedens
919 2829 1164 2931 exposcitur,
1187 2828 1280 2931 quia
1302 2827 1422 2906 hodie

231 2989 393 3093 saepius
425 3016 549 3094 quam
575 2992 775 3095 prioribus
801 2992 1052 3095 temporibus
1075 2992 1271 3095 simplicia
1291 2992 1423 3094 negle-

230 3159 371 3257 genter
388 3156 558 3236 collecta
578 3162 619 3236 et
641 3160 810 3247 servata,
830 3157 1108 3259 pulverulenta
1126 3161 1198 3234 ant
1215 3155 1423 3257 inquinata

230 3318 436 3419 particulis
458 3319 680 3412 terreis'ut
698 3319 937 3421 praesertim
956 3319 1118 3410 herbae,
1140 3317 1236 3397 folia
1258 3325 1300 3397 et
1320 3318 1422 3396 radi·

231 3503 300 3559 ces
316 3481 357 3560 in
377 3487 607 3561 mercatura
626 3488 834 3575 occurant
852 3506 931 3585 quo
949 3483 1067 3585 pretii
1089 3482 1235 3561 nullius
1258 3487 1330 3561 ant
1348 3481 1422 3560 sal-

228 3649 313 3722 tem
336 3645 502 3725 minoris
523 3647 636 3725 fiunt.

338 3807 386 3886 In
415 3809 673 3911 simplicibus,
706 3835 728 3886 o
761 3810 905 3912 quibus
919 3859 921 3862 ψ
937 3814 1178 3912 praeparata
1209 3808 1422 3888 officinalia

232 3992 307 4071 ope
340 3970 606 4051 extractionis
647 3978 842 4074 parantur
880 3977 944 4070 (ut
975 3977 1172 4062 extracta,
1203 3971 1421 4068 tincturae)

233 4135 440 4236 quantitas
476 4135 642 4214 minima
681 4137 854 4215 extracti
898 4137 996 4216 sicci
1034 4135 1269 4237 exposcitur
1310 4141 1351 4213 ot
1381 4135 1423 4213 in

231 4297 478 4400 simplicibus
497 4299 738 4401 quibusdam
765 4300 823 4379 sic
840 4301 958 4380 dictis
977 4299 1193 4379 narcoticis
1211 4300 1273 4377 vel
1292 4299 1422 4377 heroi·

232 4460 290 4539 cis
313 4462 517 4572 quantitas
534 4462 700 4544 minima
722 4469 794 4542 aut
815 4464 980 4541 definita
997 4462 1248 4542 substantiae
1268 4461 1421 4540 activae

231 4625 427 4726 propriae.
451 4626 575 4706 Simul
608 4626 807 4705 indicatur
838 4626 1068 4718 methodus,
1101 4650 1181 4727 qua
1207 4630 1421 4714 statuatur,
