3725 5400
731 466 947 540 -95-

349 684 392 759 ln
410 685 576 761 sectione
604 690 823 759 transversa
850 689 1034 777 apparent
1065 688 1183 758 strata
1201 685 1291 759 duo:
1323 685 1438 779 rhyti-

242 814 403 888 domatis
423 820 461 888 et
479 812 716 907 endophloei‚
749 813 841 887 illud
858 814 1080 907 plerumque
1108 812 1246 886 coloris
1271 812 1437 888 clarioris

241 940 463 1030 flavo-draci,
494 940 569 1015 hoc
597 940 826 1015 obscurioris
853 938 1093 1029 rubro-tusci,
1123 943 1284 1033 utraque
1304 941 1437 1015 crassi-

241 1068 371 1143 tudine
411 1069 490 1144 iere
524 1067 683 1161 aequali,
725 1067 883 1141 maculis
921 1066 1055 1141 albidis
1093 1065 1270 1141 consonis
1302 1068 1438 1161 partim

240 1200 456 1270 transverse
482 1194 522 1269 in
550 1194 721 1269 ordinem
740 1194 931 1289 dispositis
950 1194 1143 1268 instructa.
1179 1193 1300 1269 Sectio
1318 1195 1438 1289 longi·

240 1320 418 1397 tudinalis
449 1321 559 1397 lineis
591 1321 735 1416 grossis
766 1322 838 1396 illis
856 1321 1015 1395 maculis
1033 1320 1352 1415 respondentibus
1370 1347 1438 1418 per

240 1448 511 1542 longitudinem
530 1448 661 1523 stn'ata
680 1452 746 1523 est

351 1576 430 1671 Ope
448 1575 684 1670 microscopii
702 1576 916 1670 exploratus
937 1574 1072 1650 Cortex
1086 1575 1310 1665 Quebracho
1330 1599 1437 1671 prae·

242 1704 339 1778 cellit
360 1704 463 1778 fibris
482 1703 566 1777 libri
578 1701 711 1777 validis
731 1704 914 1796 complete
929 1702 1149 1776 incrassatis
1164 1703 1435 1795 iustiormibns‚

240 1829 280 1904 in
303 1831 468 1906 sectione
491 1836 709 1905 transversa
726 1830 948 1924 plerumque
973 1829 1253 1921 orbicularibus,
1277 1829 1436 1924 singulis

242 1957 448 2032 arctissime
485 1957 614 2031 cinctis
648 1957 789 2031 cellulis
817 1956 943 2051 parvis
979 1956 1222 2051 leptodermis
1262 1959 1436 2052 crystallo

243 2084 409 2179 simplice
434 2084 537 2159 calcii
566 2083 698 2159 oxalici
724 2084 916 2177 praeditis.
964 2084 1096 2159 Fibrae
1123 2084 1207 2158 libri
1235 2090 1325 2159 sunt
1352 2087 1437 2160 soli-

240 2213 355 2287 tariae
371 2217 436 2287 aut
448 2211 646 2306 impositae
659 2211 943 2306 parencbymati
956 2211 1194 2305 endophloei,
1212 2212 1378 2306 amylum
1395 2213 1435 2287 in

242 2339 409 2433 granubs
433 2338 663 2433 simplicibus
687 2340 726 2411 et
748 2337 966 2432 compositis
995 2343 1159 2432 gerente,
1190 2342 1256 2412 aut
1282 2339 1437 2413 circum-

242 2466 350 2540 datae
369 2466 510 2540 cellulis
529 2464 896 2558 sclerencbymaticis
910 2466 1132 2559 plerumque
1149 2466 1318 2542 obsolete
1332 2467 1436 2561 poly-

241 2593 342 2668 edris
362 2597 428 2668 aut
446 2592 629 2685 elongatis
646 2592 734 2685 plus
753 2590 927 2666 minusve
947 2592 1180 2667 incrassatis.

352 2723 428 2795 100
447 2727 574 2816 partes
596 2718 750 2794 Corticis
771 2741 842 2814 ope
862 2721 1015 2813 spiritus
1043 2721 1116 2794 vini
1135 2722 1241 2796 diluti
1274 2722 1310 2814 (1
1331 2753 1380 2788 =
1397 2721 1437 2812 4)

241 2848 448 2923 exhaustae
475 2868 524 2921 ne
551 2846 676 2920 minus
706 2868 822 2940 quam
848 2847 1021 2941 partesd
1051 2848 1204 2922 extracti
1221 2849 1437 2942 praebeant

241 2975 383 3050 Eadem
426 2974 615 3069 quantitas
647 2976 846 3050 combusta
878 2996 927 3048 ne
960 2975 1046 3069 plus
1080 2996 1196 3068 quam
1226 2980 1354 3069 partes
1388 2975 1436 3047 10

244 3102 377 3177 cineris
397 3102 471 3177 albi
489 3108 555 3177 aut
569 3102 785 3195 griseo-albi
802 3101 1000 3196 relinquat.

596 3536 791 3671 Cortex
829 3534 1083 3681 Querens,

356 3867 507 3958 Qucrcm
527 3865 766 3962 peduncutata
789 3866 979 3940 Ehrhart
1002 3871 1040 3940 et
1062 3864 1213 3956 Quernas
1230 3864 1438 3958 sessiiiflota

243 3993 396 4081 Smith‚
417 3994 572 4068 arbores
590 3994 787 4088 indigenae
806 3994 1036 4069 notissimae.

352 4119 487 4195 Cortex
526 4143 546 4195 e
583 4122 725 4196 mancis
762 4122 971 4196 iunioribus
1004 4142 1101 4211 vere,
1140 4126 1226 4196 ante
1263 4120 1439 4194 foliorum

244 4247 496 4322 evolutionem
529 4249 717 4324 detractus
751 4255 788 4323 et
820 4249 986 4323 siccatus
1019 4254 1146 4337 tenax,
1199 4248 1300 4321 1—t
1334 4247 1440 4320 milli-

243 4380 364 4450 metra
382 4398 546 4468 crassus
578 4376 618 4450 in
637 4376 833 4471 superficie
854 4382 1009 4450 externa
1027 4376 1156 4466 laevis,
1191 4375 1438 4469 peridermate

242 4502 463 4577 tenuissimo
501 4504 635 4578 coloris
673 4526 693 4579 e
736 4526 833 4578 cano
876 4504 1041 4596 argentei
1077 4503 1137 4577 vel
1177 4502 1440 4577 cinereo-lusci

244 4630 385 4704 nitente
422 4631 607 4721 obtectus,
636 4630 676 4705 in
715 4631 910 4726 superficie
944 4632 1092 4704 interna
1121 4629 1440 4723 longitudinaliter
