3725 5400
923 456 1137 531 ...30-

538 656 657 747 Acido
684 675 815 750 uitrico
839 677 990 751 abunde
1028 680 1196 750 saturata
1229 682 1266 752 et
1294 678 1535 770 evaporando
1573 679 1623 752 ad

430 800 574 876 siccum
592 801 745 878 redacta
762 802 956 877 residuum
975 802 1163 897 relinquat
1181 802 1316 877 coloris
1344 824 1490 897 expers,
1522 805 1624 898 quod

430 929 565 1004 fortius
585 930 806 1004 caiefacmm
825 926 939 1024 piane
959 931 1094 1005 avolet.

539 1056 635 1132 Cum
661 1058 912 1133 voluminibus
941 1058 968 1131 4
996 1079 1119 1152 aquae
1138 1057 1250 1132 calcis
1266 1058 1383 1133 mixta
1405 1080 1473 1154 per
1490 1058 1624 1134 horam

429 1183 470 1258 in
487 1205 578 1258 vase
598 1186 727 1259 clauso
747 1185 912 1279 seposita
930 1207 978 1259 ne
997 1185 1070 1260 nisi
1088 1185 1240 1260 minime
1259 1186 1458 1275 turbetur,⁸

540 1311 737 1387 contineat
748 1311 789 1387 in
802 1312 973 1405 partibus
988 1313 1062 1418 100
1078 1318 1204 1406 partes
1218 1314 1267 1387 10
1282 1313 1384 1406 gasts
1399 1314 1622 1404 ammoniae,

431 1444 660 1533 quapropter
673 1440 894 1517 centimetra
909 1440 1076 1515 cubica5
1089 1440 1247 1536 aquead
1261 1441 1480 1515 centimetra
1493 1441 1625 1517 cubica

434 1567 510 1641 100
530 1566 649 1643 diluta
674 1566 859 1661 liquorem
877 1569 1096 1662 praebeant,
1126 1568 1233 1643 cuius
1258 1569 1477 1643 centimetra
1494 1568 1627 1673 cubica

434 1695 484 1768 10
503 1693 724 1770 centimetre
743 1694 874 1769 cubica
894 1695 986 1769 181
1003 1695 1203 1770 solutionis
1223 1695 1505 1770 ucuimeutcae
1525 1695 1622 1772 deci·

429 1821 610 1896 normalis
630 1826 867 1913 consumant,
887 1827 931 1896 ut
946 1829 1084 1897 neutra
1102 1823 1276 1897 evadant

583 2032 915 2172 Ammoniou
943 2032 1203 2173 11111111]
1231 2032 1476 2173 solutum

429 2254 505 2350 Rp:
538 2261 728 2331 mentre
1366 2265 1490 2354 parter
1573 2258 1624 2330 50

538 2384 893 2458 carnotenorum
1371 2390 1493 2480 partes
1562 2378 1624 2456 58.

501 2510 613 2586 lifisce
641 2510 894 2587 calefaciendo
922 2511 972 2587 ad
1001 2508 1267 2587 ebrulittonem.
1295 2510 1498 2604 Liquorern
1524 2506 1625 2585 reni·

430 2643 601 2732 gemtum
629 2638 758 2714 addita
785 2636 976 2714 aemonia
1004 2644 1180 2714 nentium
1199 2638 1336 2732 redige,
1355 2637 1452 2713 filtra
1470 2643 1508 2713 11
1526 2638 1625 2714 diue

430 2785 534 2865 equa
552 2767 602 2841 ad
618 2765 770 2861 pondus
788 2765 1007 2862 specificam
1030 2767 1130 2840 103.

538 2892 679 2988 Liquor
708 2895 869 2986 decolor,
902 2895 1101 2969 reactionis
1128 2894 1300 2968 neutrius
1323 2898 1390 2967 aut
1407 2911 1523 2986 quem
1545 2892 1626 2987 plu·

431 3021 568 3095 rimum
587 3021 842 3112 subacidulae,
873 3027 1099 3116 evaporatus
1117 3022 1334 3115 relinquens
1356 3021 1626 3095 remanentiam

434 3148 573 3240 aibam3
611 3150 732 3243 magis
771 3149 998 3224 fervefactus
1036 3149 1149 3243 plane
1187 3150 1322 3228 avolet.
1360 3148 1557 3222 Contineat
1589 3148 1628 3220 in

438 3277 513 3350 100
531 3277 700 3369 pertibus
718 3282 846 3370 partes
871 3278 918 3350 15
938 3277 1120 3350 ammonii
1138 3275 1275 3351 acetici.

541 3403 678 3477 Addito
726 3404 823 3478 ferro
867 3401 1167 3496 seequichlorafo
1216 3403 1340 3477 soluto
1386 3401 1629 3476 Ammonium

434 3528 615 3602 aceticum
644 3531 811 3604 solutum
839 3531 1002 3605 colorem
1030 3530 1189 3604 rubrum
1214 3531 1328 3604 trahit
1347 3535 1384 3604 et
1403 3550 1491 3603 eum
1509 3529 1628 3602 natrio

434 3653 720 3750 hydroorydato
740 3659 863 3734 soluto
884 3658 1106 3731 calefactum
1127 3657 1358 3731 ammoniam
1377 3655 1538 3731 exhalat

542 3781 597 3857 Ne
635 3805 736 3877 aqua
771 3781 1077 3876 hydrosulfurata
1122 3805 1246 3877 neque
1292 3781 1477 3857 solutione
1524 3782 1629 3876 baryi

434 3910 553 3983 uitrici
570 3915 753 4000 mutetur3
773 3912 881 3985 acido
895 3911 1026 3985 uitrico
1047 3907 1174 3985 addito
1195 3916 1348 4003 argento
1367 3908 1499 3983 nitrico
1516 3931 1630 4002 quam

433 4037 635 4128 plurimum
654 4037 912 4132 opulescenter
930 4035 1112 4114 turbetur.

696 4267 1029 4407 Ammoniou
1056 4267 1366 4407 bronatnn.

542 4489 667 4564 Pulvis
687 4492 925 4584 crystallinus
948 4492 1066 4582 albus,
1094 4491 1202 4565 faciie
1227 4492 1266 4564 in
1286 4511 1397 4583 aqua,
1432 4491 1631 4564 difficulter

434 4619 474 4691 in
488 4619 620 4711 spiritu
634 4621 710 4695 vini
725 4620 904 4712 solubilis,
920 4620 1151 4694 fervefactus
1167 4621 1279 4713 plane
1293 4615 1466 4692 volatilis.
1488 4613 1629 4691 Solutio
