3725 5400
908 503 1146 577 -132-

502 722 650 797 Calelac
669 722 719 796 ad
737 722 1003 813 ebullitionem,
1019 719 1184 817 exprime
1199 721 1361 796 colando
1377 725 1414 795 et
1427 742 1625 795 remanen-

426 852 517 924 tiam
533 850 670 925 iterum
689 871 810 944 coque
830 871 916 925 cum

534 982 648 1069 Aquae
1320 971 1488 1072 portibus
1559 975 1622 1048 30.

500 1104 683 1198 Liquores
716 1103 941 1179 commixtos
969 1123 1134 1197 erapora
1163 1102 1205 1176 iu
1240 1103 1377 1177 balneo
1416 1122 1538 1197 aquae
1576 1100 1625 1176 ad

429 1232 624 1306 residuum
1324 1231 1488 1325 portium
1599 1229 1623 1304 5

500 1360 561 1433 cui
579 1364 667 1453 post
683 1359 1006 1452 refrigerationem
1025 1344 1258 1490 admisceo&
1522 1408 1527 1415 -
1573 1326 1665 1495 *ἒ

537 1488 682 1580 Spiritus
700 1489 776 1560 Vini
1364 1489 1488 1580 portes
1585 1485 1621 1557 5.

535 1614 684 1708 Sepone
702 1634 770 1706 per
799 1611 1118 1703 albanellus
1151 1617 1189 1685 et
1215 1632 1379 1705 evapora
1410 1610 1451 1686 in
1482 1611 1620 1686 balneo

427 1762 549 1833 aquae
569 1740 617 1814 ad
636 1741 850 1814 siccitatem.

533 1868 749 1941 Extractum
768 1865 953 1956 Quassiae
972 1866 1021 1939 sit
1043 1866 1166 1960 pulvis
1187 1865 1324 1940 coloris
1346 1865 1455 1955 tusci,
1474 1865 1622 1959 saporis

425 1994 628 2087 peremari;
644 1994 801 2067 solvitur
819 1993 967 2067 turbide
986 1994 1026 2067 in
1046 2014 1157 2085 aqua,
1171 1992 1323 2087 limpide
1338 1991 1377 2065 in
1396 1991 1529 2086 spiritu
1546 1991 1623 2066 vini

425 2120 556 2194 diluto.

537 2246 680 2321 Solutio
690 2248 853 2322 Extrecti
863 2269 1013 2340 aquosa
1034 2247 1162 2320 addita
1174 2247 1362 2321 solutione
1378 2244 1474 2319 acidi
1483 2246 1622 2321 tanuici

426 2372 677 2447 sedimentum
696 2376 871 2467 deponat.

553 2753 865 2886 Extractus
905 2749 1215 2897 dictracta
1253 2751 1490 2886 fluidum.

425 3009 506 3104 Rp:
535 3012 673 3084 corticis
693 3010 887 3092 tluebraelio
908 3020 965 3091 (IV)
1249 3101 1257 3110 ἢ
1362 3014 1485 3104 parrae
1531 3010 1618 3083 100.

501 3136 686 3211 Humecta
705 3136 950 3228 aequabiliter
968 3156 1057 3209 cum
1075 3135 1242 3210 miscella
1261 3158 1282 3209 e

534 3267 679 3356 Spiritus
698 3266 774 3335 Vini
1315 3260 1486 3359 portibus
1573 3266 1621 3339 10

534 3395 646 3482 Aquae
1321 3388 1485 3486 portibus
1569 3392 1621 3465 30
1744 3460 1748 3465 .

497 3522 535 3591 et
553 3537 695 3610 sepone
715 3517 756 3590 in
772 3539 863 3590 vase
882 3522 981 3591 tecto
1000 3540 1068 3611 per
1086 3518 1202 3591 horas
1223 3520 1257 3591 3.

534 3644 708 3718 Ceterum
726 3650 880 3737 paretur
896 3649 940 3718 ul
959 3649 1166 3718 extractum
1181 3645 1435 3738 Condurango
1450 3644 1619 3720 liuidum.

534 3772 588 3844 Sit
614 3773 739 3864 liquor
760 3772 949 3865 limpidus,
981 3772 1161 3865 ponderis
1181 3772 1345 3866 specifici
1365 3774 1619 3863 uas-103,

424 3898 560 3971 coloris
579 3899 819 3989 fusco-rubri,
849 3899 1169 3989 subtluorescens
1199 3898 1348 3993 saporis
1366 3918 1469 3973 mere
1489 3901 1619 3975 amari.

532 4025 698 4099 Miscella
731 4049 751 4100 e
785 4030 993 4118 grammate
1026 4027 1043 4099 1
1080 4026 1242 4100 Extracti
1284 4031 1321 4099 et
1353 4026 1532 4117 grammis
1569 4029 1619 4102 io

424 4172 545 4244 aqtrae
575 4152 710 4225 additis
739 4153 851 4244 guttis
883 4154 904 4226 3
927 4153 1126 4226 solutionis
1156 4153 1252 4227 acidi
1278 4153 1418 4227 tannici
1456 4154 1620 4246 (1:5)

424 4280 550 4352 statim
568 4281 851 4374 praecipitatum
872 4282 1008 4355 coloris
1029 4282 1155 4355 carnei
1176 4281 1358 4356 exhibeat

533 4406 679 4495 Quodsi
712 4407 929 4481 centimetra
963 4408 1094 4482 cubica
1131 4407 1155 4481 5
1188 4408 1351 4482 Extracti
1383 4407 1620 4500 Quebracho,

423 4533 616 4607 nonnullis
649 4534 763 4626 guttis
797 4536 1010 4608 emmoniae
1042 4534 1202 4609 alcalina
1237 4535 1337 4609 facte
1374 4557 1461 4609 cum
1506 4536 1620 4610 centi-

371 4665 376 4674 '
423 4660 552 4733 metris
572 4661 713 4735 cubicis
730 4663 780 4735 lt)
796 4662 958 4735 aetheris
974 4662 1274 4755 exquassareriS,
1291 4661 1429 4735 solutio
1444 4664 1621 4737 aetherea
