3725 5400
900 441 1142 516 -392-

501 665 537 734 et
554 659 682 734 intime
712 659 876 732 admisce
905 680 1075 733 massam
1101 658 1282 752 liquatam
1310 664 1347 732 et
1374 660 1618 751 semirefrige·

501 792 662 862 ratame

533 918 611 988 seui
629 918 729 989 ovilis
1317 912 1485 1011 partibus
1572 916 1618 987 18

532 1044 823 1132 irriguorum
1317 1038 1486 1138 paritura
1557 1042 1618 1115 37.

533 1166 778 1260 Unguentum
828 1167 1057 1261 Hydrargyri
1108 1167 1157 1242 sit
1207 1169 1344 1243 coloris
1394 1167 1544 1255 cinerei3
1573 1189 1620 1241 ne

426 1299 632 1388 appareant
662 1295 702 1368 in
735 1294 816 1368 eius
849 1316 980 1368 massa
1026 1296 1099 1369 sub
1135 1295 1235 1369 lente
1273 1295 1413 1388 globuli
1449 1296 1621 1370 metallici

426 1422 661 1515 Hydrargyri

534 1548 664 1624 Partes
689 1550 737 1623 10
752 1548 949 1642 Unguenti‚
965 1570 1037 1642 epe
1061 1549 1223 1623 aetheris
1248 1571 1272 1622 a
1289 1549 1515 1643 pinguedine
1534 1551 1620 1624 libe·

427 1681 530 1750 ratae
550 1681 676 1771 partes
703 1679 724 1750 3
746 1671 980 1769 Hydrargyn’
997 1676 1220 1770 relinquant.

717 1964 1054 2136 Unguentum
1082 1963 1333 2135 luniperi.

429 2201 503 2297 Rp:
532 2206 661 2276 Uertae
680 2206 898 2282 1001011110)
1365 2210 1488 2298 parta
1547 2206 1622 2278 100

539 2333 685 2422 Spiritus
704 2333 780 2403 Vini
799 2332 899 2404 111011
1365 2337 1489 2426 partes
1532 2331 1621 2404 000.

507 2453 554 2531 In
581 2459 724 2551 pultem
759 2462 940 2531 contusas
970 2457 1041 2530 sub
1062 2456 1241 2530 continua
1264 2456 1464 2549 agitatione
1484 2459 1624 2532 calefac

495 2605 595 2692 'cum

539 2717 715 2805 axungiae
733 2717 829 2788 Parui
1324 2710 1490 2809 partibus
1548 2715 1624 2787 150

507 2861 631 2933 usque
651 2841 804 2935 spiritus
824 2839 901 2914 vini
919 2840 1153 2933 disparuerit.

425 2974 429 2979 ’
540 2968 639 3041 Tum
659 2969 752 3057 cola,
774 2967 940 3062 exprime
961 2972 998 3041 et
1016 2967 1113 3041 adde
1133 2966 1313 3060 liquando

541 3096 642 3168 Gerae
661 3099 769 3169 flavae
1366 3100 1492 3190 partes
1539 3094 1625 3167 180.

509 3221 659 3296 Massae
679 3223 1014 3315 semirefrigeratae
1035 3221 1201 3295 admisce

542 3351 613 3422 uu
630 3352 778 3442 lantpert
871 3330 876 3339 '
1370 3354 1494 3443 partes
1565 3347 1626 3419 00.

427 3478 431 3485 “
541 3474 784 3567 Unguentum
808 3477 943 3550 eoloris
972 3476 1067 3550 laete
1086 3475 1225 3563 viridia,
1261 3475 1418 3548 odorem
1446 3494 1628 3569 spargens

434 3602 506 3674 olei
533 3603 697 3676 aetherei
727 3602 899 3697 luniperi.
935 3603 1175 3676 Examinetur
1211 3607 1254 3676 ut
1286 3606 1519 3695 unguentum
1548 3622 1629 3673 aro·

432 3730 622 3803 matteum.

673 4002 1007 4169 Unguentum
1034 3999 1177 4133 Kalii
1205 3998 1387 4134 iuiati.

435 4223 510 4317 Rp:
538 4227 630 4296 Kalit
647 4226 753 4296 tutati
1375 4225 1499 4315 partes
1583 4218 1633 4291 00

545 4353 653 4423 Natrii
671 4353 901 4424 thirsulturiei
1373 4345 1490 4442 partia
1533 4345 1633 4418 005.

515 4477 624 4551 Solve
643 4477 852 4551 triturando
873 4477 910 4550 in

546 4611 659 4697 Aquae
1331 4597 1497 4696 partitur
1572 4600 1631 4671 15.
