<?xml version="1.0" encoding="UTF-8"?>
<!DOCTYPE html PUBLIC "-//W3C//DTD XHTML 1.0 Transitional//EN"
    "http://www.w3.org/TR/xhtml1/DTD/xhtml1-transitional.dtd">
<html xmlns="http://www.w3.org/1999/xhtml" xml:lang="en" lang="en">
 <head>
  <title>
</title>
<meta http-equiv="Content-Type" content="text/html;charset=utf-8" />
  <meta name='ocr-system' content='tesseract 3.04.00' />
  <meta name='ocr-capabilities' content='ocr_page ocr_carea ocr_par ocr_line ocrx_word'/>
</head>
<body>
  <div class='ocr_page' id='page_1' title='image "./pharmacopoeaaus00innegoog_0412.png"; bbox 0 0 3725 5400; ppageno 0'>
   <div class='ocr_carea' id='block_1_1' title="bbox 899 482 1141 557">
    <p class='ocr_par' dir='ltr' id='par_1_1' title="bbox 899 482 1141 557">
     <span class='ocr_line' id='line_1_1' title="bbox 899 482 1141 557; baseline 0 -1"><span class='ocrx_word' id='word_1_1' title='bbox 899 482 1141 557; x_wconf 72' lang='lat'><strong>-372-</strong></span> 
     </span>
    </p>
   </div>
   <div class='ocr_carea' id='block_1_2' title="bbox 873 699 1173 835">
    <p class='ocr_par' dir='ltr' id='par_1_2' title="bbox 873 699 1173 835">
     <span class='ocr_line' id='line_1_2' title="bbox 873 699 1173 835; baseline -0.007 -2"><span class='ocrx_word' id='word_1_2' title='bbox 873 699 1173 835; x_wconf 66' lang='lat' dir='ltr'>bromme.</span> 
     </span>
    </p>
   </div>
   <div class='ocr_carea' id='block_1_3' title="bbox 407 957 1707 4754">
    <p class='ocr_par' dir='ltr' id='par_1_3' title="bbox 414 957 1707 2459">
     <span class='ocr_line' id='line_1_3' title="bbox 415 957 1616 1051; baseline -0.005 -16"><span class='ocrx_word' id='word_1_3' title='bbox 415 987 418 992; x_wconf 67' lang='grc'>’</span> <span class='ocrx_word' id='word_1_4' title='bbox 527 960 570 1034; x_wconf 87' lang='lat' dir='ltr'>In</span> <span class='ocrx_word' id='word_1_5' title='bbox 589 960 831 1035; x_wconf 87' lang='lat' dir='ltr'>conficiendis</span> <span class='ocrx_word' id='word_1_6' title='bbox 850 959 1040 1033; x_wconf 87' lang='lat' dir='ltr'>Tincturis</span> <span class='ocrx_word' id='word_1_7' title='bbox 1059 958 1100 1033; x_wconf 92' lang='lat' dir='ltr'>in</span> <span class='ocrx_word' id='word_1_8' title='bbox 1118 980 1255 1051; x_wconf 81' lang='lat' dir='ltr'>genere</span> <span class='ocrx_word' id='word_1_9' title='bbox 1279 957 1516 1031; x_wconf 89' lang='lat' dir='ltr'>substantiae</span> <span class='ocrx_word' id='word_1_10' title='bbox 1534 957 1616 1049; x_wconf 85' lang='lat' dir='ltr'>lege</span> 
     </span>
     <span class='ocr_line' id='line_1_4' title="bbox 420 1085 1615 1180; baseline -0.003 -17"><span class='ocrx_word' id='word_1_11' title='bbox 420 1090 510 1164; x_wconf 83' lang='lat' dir='ltr'>artis</span> <span class='ocrx_word' id='word_1_12' title='bbox 531 1089 785 1163; x_wconf 86' lang='lat' dir='ltr'>comminutae</span> <span class='ocrx_word' id='word_1_13' title='bbox 813 1088 853 1160; x_wconf 92' lang='lat' dir='ltr'>in</span> <span class='ocrx_word' id='word_1_14' title='bbox 880 1087 1017 1180; x_wconf 84' lang='lat' dir='ltr'>lagena</span> <span class='ocrx_word' id='word_1_15' title='bbox 1044 1087 1140 1160; x_wconf 91' lang='lat' dir='ltr'>bene</span> <span class='ocrx_word' id='word_1_16' title='bbox 1169 1090 1268 1160; x_wconf 86' lang='lat' dir='ltr'>tecta</span> <span class='ocrx_word' id='word_1_17' title='bbox 1292 1107 1379 1159; x_wconf 89' lang='lat' dir='ltr'>cum</span> <span class='ocrx_word' id='word_1_18' title='bbox 1409 1085 1615 1179; x_wconf 85' lang='lat' dir='ltr'>quantitate</span> 
     </span>
     <span class='ocr_line' id='line_1_5' title="bbox 419 1212 1614 1309; baseline -0.004 -18"><span class='ocrx_word' id='word_1_19' title='bbox 419 1218 574 1308; x_wconf 86' lang='lat' dir='ltr'>liquoris</span> <span class='ocrx_word' id='word_1_20' title='bbox 604 1216 745 1289; x_wconf 88' lang='lat' dir='ltr'>deliniti</span> <span class='ocrx_word' id='word_1_21' title='bbox 771 1215 1007 1309; x_wconf 86' lang='lat' dir='ltr'>praescripta</span> <span class='ocrx_word' id='word_1_22' title='bbox 1034 1213 1394 1307; x_wconf 89' lang='lat' dir='ltr'>superinfundantur</span> <span class='ocrx_word' id='word_1_23' title='bbox 1413 1217 1449 1286; x_wconf 89' lang='lat' dir='ltr'>et</span> <span class='ocrx_word' id='word_1_24' title='bbox 1472 1212 1511 1286; x_wconf 92' lang='lat' dir='ltr'>in</span> <span class='ocrx_word' id='word_1_25' title='bbox 1530 1213 1614 1286; x_wconf 89' lang='lat' dir='ltr'>loco</span> 
     </span>
     <span class='ocr_line' id='line_1_6' title="bbox 420 1340 1612 1437; baseline -0.004 -19"><span class='ocrx_word' id='word_1_26' title='bbox 420 1345 601 1418; x_wconf 90' lang='lat' dir='ltr'>umbroso</span> <span class='ocrx_word' id='word_1_27' title='bbox 645 1348 897 1437; x_wconf 76' lang='lat' dir='ltr'><strong>temperatura</strong></span> <span class='ocrx_word' id='word_1_28' title='bbox 935 1342 1078 1416; x_wconf 78' lang='lat' dir='ltr'>circiter</span> <span class='ocrx_word' id='word_1_29' title='bbox 1121 1342 1209 1429; x_wconf 69' lang='lat' dir='ltr'>b00,</span> <span class='ocrx_word' id='word_1_30' title='bbox 1248 1340 1398 1433; x_wconf 87' lang='lat' dir='ltr'>saepius</span> <span class='ocrx_word' id='word_1_31' title='bbox 1436 1340 1612 1432; x_wconf 84' lang='lat' dir='ltr'>agitando</span> 
     </span>
     <span class='ocr_line' id='line_1_7' title="bbox 418 1469 1612 1567; baseline -0.003 -22"><span class='ocrx_word' id='word_1_32' title='bbox 418 1495 486 1567; x_wconf 86' lang='lat' dir='ltr'>per</span> <span class='ocrx_word' id='word_1_33' title='bbox 501 1473 524 1545; x_wconf 89' lang='lat'>8</span> <span class='ocrx_word' id='word_1_34' title='bbox 545 1471 625 1545; x_wconf 90' lang='lat' dir='ltr'>dies</span> <span class='ocrx_word' id='word_1_35' title='bbox 640 1475 881 1564; x_wconf 78' lang='lat' dir='ltr'>seponantur.</span> <span class='ocrx_word' id='word_1_36' title='bbox 902 1469 994 1542; x_wconf 87' lang='lat' dir='ltr'>Dein</span> <span class='ocrx_word' id='word_1_37' title='bbox 1011 1471 1189 1559; x_wconf 76' lang='lat' dir='ltr'>colentur,</span> <span class='ocrx_word' id='word_1_38' title='bbox 1207 1469 1450 1558; x_wconf 81' lang='lat' dir='ltr'>remanentia,</span> <span class='ocrx_word' id='word_1_39' title='bbox 1467 1469 1500 1541; x_wconf 94' lang='lat' dir='ltr'>si</span> <span class='ocrx_word' id='word_1_40' title='bbox 1515 1489 1612 1561; x_wconf 90' lang='lat' dir='ltr'>opus</span> 
     </span>
     <span class='ocr_line' id='line_1_8' title="bbox 418 1596 1612 1693; baseline -0.004 -20"><span class='ocrx_word' id='word_1_41' title='bbox 418 1600 540 1689; x_wconf 86' lang='lat' dir='ltr'>fuerit,</span> <span class='ocrx_word' id='word_1_42' title='bbox 562 1602 790 1693; x_wconf 84' lang='lat' dir='ltr'>exprimatur</span> <span class='ocrx_word' id='word_1_43' title='bbox 809 1605 846 1673; x_wconf 93' lang='lat' dir='ltr'>et</span> <span class='ocrx_word' id='word_1_44' title='bbox 863 1599 997 1693; x_wconf 88' lang='lat' dir='ltr'>liquor,</span> <span class='ocrx_word' id='word_1_45' title='bbox 1031 1603 1237 1692; x_wconf 87' lang='lat' dir='ltr'>postquam</span> <span class='ocrx_word' id='word_1_46' title='bbox 1255 1618 1323 1691; x_wconf 90' lang='lat' dir='ltr'>per</span> <span class='ocrx_word' id='word_1_47' title='bbox 1337 1596 1495 1669; x_wconf 89' lang='lat' dir='ltr'>biduum</span> <span class='ocrx_word' id='word_1_48' title='bbox 1523 1596 1612 1669; x_wconf 89' lang='lat' dir='ltr'>sub·</span> 
     </span>
     <span class='ocr_line' id='line_1_9' title="bbox 419 1724 1610 1821; baseline -0.004 -20"><span class='ocrx_word' id='word_1_49' title='bbox 419 1728 568 1818; x_wconf 88' lang='lat' dir='ltr'>sederit,</span> <span class='ocrx_word' id='word_1_50' title='bbox 589 1728 758 1801; x_wconf 86' lang='lat' dir='ltr'>filtretur.</span> <span class='ocrx_word' id='word_1_51' title='bbox 793 1727 846 1800; x_wconf 90' lang='lat' dir='ltr'>Ne</span> <span class='ocrx_word' id='word_1_52' title='bbox 881 1727 1032 1821; x_wconf 82' lang='lat' dir='ltr'>expleas</span> <span class='ocrx_word' id='word_1_53' title='bbox 1059 1725 1218 1798; x_wconf 90' lang='lat' dir='ltr'>fluidum</span> <span class='ocrx_word' id='word_1_54' title='bbox 1244 1725 1403 1798; x_wconf 87' lang='lat' dir='ltr'>forsitan</span> <span class='ocrx_word' id='word_1_55' title='bbox 1431 1724 1610 1798; x_wconf 89' lang='lat' dir='ltr'>deficiens</span> 
     </span>
     <span class='ocr_line' id='line_1_10' title="bbox 418 1851 1611 1949; baseline -0.003 -21"><span class='ocrx_word' id='word_1_56' title='bbox 418 1855 693 1949; x_wconf 88' lang='lat' dir='ltr'>supplemento.</span> <span class='ocrx_word' id='word_1_57' title='bbox 728 1855 873 1945; x_wconf 87' lang='lat' dir='ltr'>Quodsi</span> <span class='ocrx_word' id='word_1_58' title='bbox 924 1855 1065 1946; x_wconf 84' lang='lat' dir='ltr'>gradus</span> <span class='ocrx_word' id='word_1_59' title='bbox 1112 1851 1391 1927; x_wconf 88' lang='lat' dir='ltr'>comminuendi</span> <span class='ocrx_word' id='word_1_60' title='bbox 1434 1852 1611 1925; x_wconf 83' lang='lat' dir='ltr'>substan·</span> 
     </span>
     <span class='ocr_line' id='line_1_11' title="bbox 417 1979 1611 2070; baseline -0.001 -17"><span class='ocrx_word' id='word_1_61' title='bbox 417 1984 554 2056; x_wconf 85' lang='lat' dir='ltr'>tiarum</span> <span class='ocrx_word' id='word_1_62' title='bbox 592 1983 845 2056; x_wconf 82' lang='lat' dir='ltr'>adhibiturum</span> <span class='ocrx_word' id='word_1_63' title='bbox 882 1982 1060 2055; x_wconf 89' lang='lat' dir='ltr'>definitus</span> <span class='ocrx_word' id='word_1_64' title='bbox 1098 1985 1275 2070; x_wconf 85' lang='lat' dir='ltr'>nonest,</span> <span class='ocrx_word' id='word_1_65' title='bbox 1305 1979 1444 2053; x_wconf 89' lang='lat' dir='ltr'>herbae</span> <span class='ocrx_word' id='word_1_66' title='bbox 1468 1985 1505 2052; x_wconf 93' lang='lat' dir='ltr'>et</span> <span class='ocrx_word' id='word_1_67' title='bbox 1522 1979 1611 2052; x_wconf 88' lang='lat' dir='ltr'>folia</span> 
     </span>
     <span class='ocr_line' id='line_1_12' title="bbox 417 2095 1707 2202; baseline -0.002 -20"><span class='ocrx_word' id='word_1_68' title='bbox 417 2111 548 2202; x_wconf 75' lang='lat' dir='ltr'>gradui</span> <span class='ocrx_word' id='word_1_69' title='bbox 568 2110 780 2184; x_wconf 88' lang='lat' dir='ltr'>subtilitatis</span> <span class='ocrx_word' id='word_1_70' title='bbox 804 2110 912 2184; x_wconf 85' lang='lat' dir='ltr'>cribri</span> <span class='ocrx_word' id='word_1_71' title='bbox 940 2110 1000 2183; x_wconf 88' lang='lat' dir='ltr'>Nr.</span> <span class='ocrx_word' id='word_1_72' title='bbox 1020 2109 1063 2199; x_wconf 89' lang='grc' dir='ltr'>Π,</span> <span class='ocrx_word' id='word_1_73' title='bbox 1085 2108 1253 2199; x_wconf 84' lang='lat' dir='ltr'>cortices,</span> <span class='ocrx_word' id='word_1_74' title='bbox 1273 2107 1421 2182; x_wconf 87' lang='lat' dir='ltr'>radices</span> <span class='ocrx_word' id='word_1_75' title='bbox 1450 2112 1488 2181; x_wconf 91' lang='lat' dir='ltr'>et</span> <span class='ocrx_word' id='word_1_76' title='bbox 1509 2107 1609 2200; x_wconf 79' lang='lat' dir='ltr'>ligna</span> <span class='ocrx_word' id='word_1_77' title='bbox 1698 2095 1707 2104; x_wconf 77' lang='grc'><strong>’</strong></span> 
     </span>
     <span class='ocr_line' id='line_1_13' title="bbox 416 2234 1608 2329; baseline -0.002 -19"><span class='ocrx_word' id='word_1_78' title='bbox 416 2238 479 2310; x_wconf 92' lang='lat' dir='ltr'>illo</span> <span class='ocrx_word' id='word_1_79' title='bbox 500 2238 611 2312; x_wconf 84' lang='lat' dir='ltr'>cribri</span> <span class='ocrx_word' id='word_1_80' title='bbox 629 2238 691 2311; x_wconf 91' lang='lat' dir='ltr'>Nr.</span> <span class='ocrx_word' id='word_1_81' title='bbox 709 2237 768 2326; x_wconf 88' lang='lat'>111,</span> <span class='ocrx_word' id='word_1_82' title='bbox 788 2239 935 2311; x_wconf 89' lang='lat' dir='ltr'>semina</span> <span class='ocrx_word' id='word_1_83' title='bbox 958 2241 995 2311; x_wconf 91' lang='lat' dir='ltr'>et</span> <span class='ocrx_word' id='word_1_84' title='bbox 1013 2258 1145 2310; x_wconf 90' lang='lat' dir='ltr'>omnes</span> <span class='ocrx_word' id='word_1_85' title='bbox 1165 2235 1404 2310; x_wconf 86' lang='lat' dir='ltr'>substantiae</span> <span class='ocrx_word' id='word_1_86' title='bbox 1422 2234 1608 2329; x_wconf 88' lang='lat' dir='ltr'>perdurae</span> 
     </span>
     <span class='ocr_line' id='line_1_14' title="bbox 414 2364 1042 2459; baseline 0.002 -23"><span class='ocrx_word' id='word_1_87' title='bbox 414 2365 477 2438; x_wconf 91' lang='lat' dir='ltr'>illo</span> <span class='ocrx_word' id='word_1_88' title='bbox 497 2365 607 2438; x_wconf 87' lang='lat' dir='ltr'>cribri</span> <span class='ocrx_word' id='word_1_89' title='bbox 625 2364 688 2438; x_wconf 90' lang='lat' dir='ltr'>Nr.</span> <span class='ocrx_word' id='word_1_90' title='bbox 708 2364 758 2437; x_wconf 91' lang='lat' dir='ltr'>IV</span> <span class='ocrx_word' id='word_1_91' title='bbox 777 2364 1042 2459; x_wconf 81' lang='lat' dir='ltr'>respondeant</span> 
     </span>
    </p>

    <p class='ocr_par' dir='ltr' id='par_1_4' title="bbox 414 2490 1607 2716">
     <span class='ocr_line' id='line_1_15' title="bbox 521 2490 1607 2586; baseline 0 -22"><span class='ocrx_word' id='word_1_92' title='bbox 521 2492 707 2566; x_wconf 86' lang='lat' dir='ltr'>Parandis</span> <span class='ocrx_word' id='word_1_93' title='bbox 735 2492 923 2567; x_wconf 87' lang='lat' dir='ltr'>Tincturis</span> <span class='ocrx_word' id='word_1_94' title='bbox 954 2514 1025 2586; x_wconf 91' lang='lat' dir='ltr'>ope</span> <span class='ocrx_word' id='word_1_95' title='bbox 1050 2497 1256 2586; x_wconf 88' lang='lat' dir='ltr'>apparatus</span> <span class='ocrx_word' id='word_1_96' title='bbox 1283 2490 1487 2585; x_wconf 87' lang='lat' dir='ltr'>depulsorii</span> <span class='ocrx_word' id='word_1_97' title='bbox 1506 2490 1607 2564; x_wconf 91' lang='lat' dir='ltr'>idem</span> 
     </span>
     <span class='ocr_line' id='line_1_16' title="bbox 414 2619 1368 2716; baseline -0.001 -23"><span class='ocrx_word' id='word_1_98' title='bbox 414 2619 524 2710; x_wconf 88' lang='lat' dir='ltr'>valet,</span> <span class='ocrx_word' id='word_1_99' title='bbox 546 2621 649 2714; x_wconf 91' lang='lat' dir='ltr'>quod</span> <span class='ocrx_word' id='word_1_100' title='bbox 669 2620 770 2716; x_wconf 90' lang='lat' dir='ltr'>apud</span> <span class='ocrx_word' id='word_1_101' title='bbox 790 2625 957 2693; x_wconf 85' lang='lat' dir='ltr'>extracta</span> <span class='ocrx_word' id='word_1_102' title='bbox 975 2620 1091 2693; x_wconf 82' lang='lat' dir='ltr'>fluida</span> <span class='ocrx_word' id='word_1_103' title='bbox 1109 2625 1281 2692; x_wconf 90' lang='lat' dir='ltr'>notatum</span> <span class='ocrx_word' id='word_1_104' title='bbox 1300 2624 1368 2693; x_wconf 82' lang='lat' dir='ltr'>est</span> 
     </span>
    </p>

    <p class='ocr_par' dir='ltr' id='par_1_5' title="bbox 411 2747 1607 3608">
     <span class='ocr_line' id='line_1_17' title="bbox 524 2747 1607 2841; baseline 0 -20"><span class='ocrx_word' id='word_1_105' title='bbox 524 2749 723 2823; x_wconf 87' lang='lat' dir='ltr'>Tincturae</span> <span class='ocrx_word' id='word_1_106' title='bbox 741 2771 760 2821; x_wconf 88' lang='lat' dir='ltr'>e</span> <span class='ocrx_word' id='word_1_107' title='bbox 781 2748 1005 2822; x_wconf 89' lang='lat' dir='ltr'>substantiis</span> <span class='ocrx_word' id='word_1_108' title='bbox 1024 2749 1150 2822; x_wconf 88' lang='lat' dir='ltr'>minus</span> <span class='ocrx_word' id='word_1_109' title='bbox 1180 2747 1393 2822; x_wconf 89' lang='lat' dir='ltr'>efficacibus</span> <span class='ocrx_word' id='word_1_110' title='bbox 1413 2749 1452 2821; x_wconf 93' lang='lat' dir='ltr'>in</span> <span class='ocrx_word' id='word_1_111' title='bbox 1471 2769 1607 2841; x_wconf 85' lang='lat' dir='ltr'>genere</span> 
     </span>
     <span class='ocr_line' id='line_1_18' title="bbox 412 2876 1605 2971; baseline -0.001 -21"><span class='ocrx_word' id='word_1_112' title='bbox 412 2882 591 2970; x_wconf 88' lang='lat' dir='ltr'>parentur</span> <span class='ocrx_word' id='word_1_113' title='bbox 628 2877 667 2950; x_wconf 91' lang='lat' dir='ltr'>in</span> <span class='ocrx_word' id='word_1_114' title='bbox 694 2876 935 2971; x_wconf 86' lang='lat' dir='ltr'>proportione</span> <span class='ocrx_word' id='word_1_115' title='bbox 973 2878 1052 2967; x_wconf 86' lang='lat'><strong>1:5,</strong></span> <span class='ocrx_word' id='word_1_116' title='bbox 1090 2876 1288 2950; x_wconf 89' lang='lat' dir='ltr'>Tincturae</span> <span class='ocrx_word' id='word_1_117' title='bbox 1328 2898 1348 2951; x_wconf 88' lang='lat' dir='ltr'>e</span> <span class='ocrx_word' id='word_1_118' title='bbox 1382 2876 1605 2950; x_wconf 88' lang='lat' dir='ltr'>substantiis</span> 
     </span>
     <span class='ocr_line' id='line_1_19' title="bbox 413 3004 1606 3099; baseline 0.001 -22"><span class='ocrx_word' id='word_1_119' title='bbox 413 3004 684 3079; x_wconf 75' lang='lat' dir='ltr'>efficacioribus</span> <span class='ocrx_word' id='word_1_120' title='bbox 718 3005 756 3077; x_wconf 88' lang='lat' dir='ltr'>in</span> <span class='ocrx_word' id='word_1_121' title='bbox 784 3005 1027 3099; x_wconf 90' lang='lat' dir='ltr'>proportione</span> <span class='ocrx_word' id='word_1_122' title='bbox 1069 3006 1166 3077; x_wconf 85' lang='lat'>1:10</span> <span class='ocrx_word' id='word_1_123' title='bbox 1198 3004 1327 3097; x_wconf 87' lang='lat' dir='ltr'>liquidi</span> <span class='ocrx_word' id='word_1_124' title='bbox 1362 3004 1502 3077; x_wconf 87' lang='lat' dir='ltr'>definiti</span> <span class='ocrx_word' id='word_1_125' title='bbox 1535 3026 1606 3097; x_wconf 91' lang='lat' dir='ltr'>ope</span> 
     </span>
     <span class='ocr_line' id='line_1_20' title="bbox 412 3130 1605 3225; baseline 0.002 -22"><span class='ocrx_word' id='word_1_126' title='bbox 412 3130 674 3204; x_wconf 89' lang='lat' dir='ltr'>macerationis</span> <span class='ocrx_word' id='word_1_127' title='bbox 712 3138 776 3205; x_wconf 86' lang='lat' dir='ltr'>aut</span> <span class='ocrx_word' id='word_1_128' title='bbox 818 3154 889 3224; x_wconf 92' lang='lat' dir='ltr'>ope</span> <span class='ocrx_word' id='word_1_129' title='bbox 918 3131 1183 3225; x_wconf 87' lang='lat' dir='ltr'>percolationis</span> <span class='ocrx_word' id='word_1_130' title='bbox 1213 3137 1280 3205; x_wconf 87' lang='lat' dir='ltr'>aut</span> <span class='ocrx_word' id='word_1_131' title='bbox 1312 3154 1383 3225; x_wconf 92' lang='lat' dir='ltr'>ope</span> <span class='ocrx_word' id='word_1_132' title='bbox 1408 3131 1605 3205; x_wconf 89' lang='lat' dir='ltr'>solutionis</span> 
     </span>
     <span class='ocr_line' id='line_1_21' title="bbox 412 3258 1606 3353; baseline 0.002 -23"><span class='ocrx_word' id='word_1_133' title='bbox 412 3258 602 3352; x_wconf 87' lang='lat' dir='ltr'>simplicis</span> <span class='ocrx_word' id='word_1_134' title='bbox 655 3259 870 3348; x_wconf 84' lang='lat' dir='ltr'>Tincturae,</span> <span class='ocrx_word' id='word_1_135' title='bbox 927 3281 1088 3353; x_wconf 86' lang='lat' dir='ltr'>quarum</span> <span class='ocrx_word' id='word_1_136' title='bbox 1135 3260 1325 3353; x_wconf 87' lang='lat' dir='ltr'>quantitas</span> <span class='ocrx_word' id='word_1_137' title='bbox 1373 3259 1606 3333; x_wconf 84' lang='lat' dir='ltr'>substantiae</span> 
     </span>
     <span class='ocr_line' id='line_1_22' title="bbox 411 3386 1605 3481; baseline 0.002 -24"><span class='ocrx_word' id='word_1_138' title='bbox 411 3386 572 3458; x_wconf 88' lang='lat' dir='ltr'>efficacis</span> <span class='ocrx_word' id='word_1_139' title='bbox 605 3387 836 3481; x_wconf 87' lang='lat' dir='ltr'>praescripta</span> <span class='ocrx_word' id='word_1_140' title='bbox 873 3391 942 3475; x_wconf 88' lang='lat' dir='ltr'>est,</span> <span class='ocrx_word' id='word_1_141' title='bbox 983 3387 1229 3461; x_wconf 86' lang='lat' dir='ltr'>conficiantur</span> <span class='ocrx_word' id='word_1_142' title='bbox 1261 3393 1434 3462; x_wconf 89' lang='lat' dir='ltr'>accurate</span> <span class='ocrx_word' id='word_1_143' title='bbox 1473 3387 1605 3460; x_wconf 90' lang='lat' dir='ltr'>eadem</span> 
     </span>
     <span class='ocr_line' id='line_1_23' title="bbox 411 3513 1602 3608; baseline 0.001 -22"><span class='ocrx_word' id='word_1_144' title='bbox 411 3513 616 3605; x_wconf 87' lang='lat' dir='ltr'>quantitate</span> <span class='ocrx_word' id='word_1_145' title='bbox 653 3514 713 3587; x_wconf 85' lang='lat' dir='ltr'>vel</span> <span class='ocrx_word' id='word_1_146' title='bbox 750 3514 979 3608; x_wconf 89' lang='lat' dir='ltr'>percolando</span> <span class='ocrx_word' id='word_1_147' title='bbox 1003 3515 1063 3588; x_wconf 90' lang='lat' dir='ltr'>vel</span> <span class='ocrx_word' id='word_1_148' title='bbox 1086 3514 1118 3588; x_wconf 90' lang='lat' dir='ltr'>si</span> <span class='ocrx_word' id='word_1_149' title='bbox 1147 3536 1244 3606; x_wconf 90' lang='lat' dir='ltr'>opus</span> <span class='ocrx_word' id='word_1_150' title='bbox 1272 3514 1384 3588; x_wconf 90' lang='lat' dir='ltr'>fuerit</span> <span class='ocrx_word' id='word_1_151' title='bbox 1416 3515 1602 3589; x_wconf 85' lang='lat' dir='ltr'>diluendo</span> 
     </span>
    </p>

    <p class='ocr_par' dir='ltr' id='par_1_6' title="bbox 407 3641 1606 4374">
     <span class='ocr_line' id='line_1_24' title="bbox 517 3641 1604 3734; baseline 0.003 -21"><span class='ocrx_word' id='word_1_152' title='bbox 517 3641 576 3714; x_wconf 84' lang='lat' dir='ltr'>Ad</span> <span class='ocrx_word' id='word_1_153' title='bbox 602 3642 926 3715; x_wconf 88' lang='lat' dir='ltr'>determinandam</span> <span class='ocrx_word' id='word_1_154' title='bbox 954 3643 1199 3734; x_wconf 82' lang='lat' dir='ltr'>quantitatem</span> <span class='ocrx_word' id='word_1_155' title='bbox 1231 3643 1374 3716; x_wconf 87' lang='lat' dir='ltr'>residui</span> <span class='ocrx_word' id='word_1_156' title='bbox 1406 3643 1604 3716; x_wconf 88' lang='lat' dir='ltr'>Tincturae</span> 
     </span>
     <span class='ocr_line' id='line_1_25' title="bbox 410 3768 1604 3861; baseline 0.004 -21"><span class='ocrx_word' id='word_1_157' title='bbox 410 3768 498 3842; x_wconf 87' lang='lat' dir='ltr'>sicci</span> <span class='ocrx_word' id='word_1_158' title='bbox 535 3774 744 3859; x_wconf 79' lang='lat' dir='ltr'>grammata</span> <span class='ocrx_word' id='word_1_159' title='bbox 781 3770 829 3840; x_wconf 89' lang='lat'>10</span> <span class='ocrx_word' id='word_1_160' title='bbox 868 3774 1121 3861; x_wconf 87' lang='lat' dir='ltr'>evaporentur</span> <span class='ocrx_word' id='word_1_161' title='bbox 1156 3771 1196 3842; x_wconf 92' lang='lat' dir='ltr'>in</span> <span class='ocrx_word' id='word_1_162' title='bbox 1232 3770 1407 3861; x_wconf 77' lang='lat' dir='ltr'>lagenula</span> <span class='ocrx_word' id='word_1_163' title='bbox 1443 3772 1492 3844; x_wconf 88' lang='lat' dir='ltr'>ad</span> <span class='ocrx_word' id='word_1_164' title='bbox 1530 3776 1604 3844; x_wconf 83' lang='lat' dir='ltr'>tru-</span> 
     </span>
     <span class='ocr_line' id='line_1_26' title="bbox 408 3896 1606 3992; baseline 0.002 -24"><span class='ocrx_word' id='word_1_165' title='bbox 408 3896 486 3968; x_wconf 89' lang='lat' dir='ltr'>tina</span> <span class='ocrx_word' id='word_1_166' title='bbox 519 3896 810 3969; x_wconf 85' lang='lat' dir='ltr'>examinandum</span> <span class='ocrx_word' id='word_1_167' title='bbox 843 3904 930 3992; x_wconf 88' lang='lat' dir='ltr'>apta</span> <span class='ocrx_word' id='word_1_168' title='bbox 963 3897 1132 3971; x_wconf 91' lang='lat' dir='ltr'>diametri</span> <span class='ocrx_word' id='word_1_169' title='bbox 1160 3898 1457 3972; x_wconf 85' lang='lat' dir='ltr'>millimetrorum</span> <span class='ocrx_word' id='word_1_170' title='bbox 1489 3900 1541 3972; x_wconf 74' lang='lat'>40</span> <span class='ocrx_word' id='word_1_171' title='bbox 1570 3903 1606 3971; x_wconf 90' lang='lat' dir='ltr'>et</span> 
     </span>
     <span class='ocr_line' id='line_1_27' title="bbox 408 4024 1605 4118; baseline 0.005 -23"><span class='ocrx_word' id='word_1_172' title='bbox 408 4024 528 4097; x_wconf 90' lang='lat' dir='ltr'>fundo</span> <span class='ocrx_word' id='word_1_173' title='bbox 548 4025 661 4116; x_wconf 89' lang='lat' dir='ltr'>plano</span> <span class='ocrx_word' id='word_1_174' title='bbox 682 4046 752 4117; x_wconf 88' lang='lat' dir='ltr'>ope</span> <span class='ocrx_word' id='word_1_175' title='bbox 771 4024 896 4097; x_wconf 90' lang='lat' dir='ltr'>balnei</span> <span class='ocrx_word' id='word_1_176' title='bbox 925 4046 1046 4118; x_wconf 91' lang='lat' dir='ltr'>aquae</span> <span class='ocrx_word' id='word_1_177' title='bbox 1076 4025 1124 4098; x_wconf 88' lang='lat' dir='ltr'>ad</span> <span class='ocrx_word' id='word_1_178' title='bbox 1154 4026 1377 4116; x_wconf 90' lang='lat' dir='ltr'>siccitatem;</span> <span class='ocrx_word' id='word_1_179' title='bbox 1411 4028 1605 4101; x_wconf 89' lang='lat' dir='ltr'>residuum</span> 
     </span>
     <span class='ocr_line' id='line_1_28' title="bbox 407 4152 1605 4247; baseline 0.005 -26"><span class='ocrx_word' id='word_1_180' title='bbox 407 4154 662 4243; x_wconf 87' lang='lat' dir='ltr'>temperatura</span> <span class='ocrx_word' id='word_1_181' title='bbox 711 4152 809 4224; x_wconf 84' lang='lat'>1000</span> <span class='ocrx_word' id='word_1_182' title='bbox 850 4174 918 4245; x_wconf 91' lang='lat' dir='ltr'>per</span> <span class='ocrx_word' id='word_1_183' title='bbox 964 4153 1098 4225; x_wconf 91' lang='lat' dir='ltr'>horam</span> <span class='ocrx_word' id='word_1_184' title='bbox 1135 4152 1306 4243; x_wconf 89' lang='lat' dir='ltr'>siccetur,</span> <span class='ocrx_word' id='word_1_185' title='bbox 1346 4153 1385 4226; x_wconf 91' lang='lat' dir='ltr'>in</span> <span class='ocrx_word' id='word_1_186' title='bbox 1423 4158 1605 4247; x_wconf 92' lang='lat' dir='ltr'>apparatu</span> 
     </span>
     <span class='ocr_line' id='line_1_29' title="bbox 408 4277 1555 4374; baseline 0.005 -25"><span class='ocrx_word' id='word_1_187' title='bbox 408 4277 652 4351; x_wconf 82' lang='lat' dir='ltr'>exsiccatorio</span> <span class='ocrx_word' id='word_1_188' title='bbox 672 4279 921 4370; x_wconf 73' lang='lat' dir='ltr'>refugeretur,</span> <span class='ocrx_word' id='word_1_189' title='bbox 943 4284 1135 4374; x_wconf 85' lang='lat' dir='ltr'>postremo</span> <span class='ocrx_word' id='word_1_190' title='bbox 1154 4282 1295 4354; x_wconf 90' lang='lat' dir='ltr'>trutina</span> <span class='ocrx_word' id='word_1_191' title='bbox 1313 4282 1555 4355; x_wconf 84' lang='lat' dir='ltr'>examinetur.</span> 
     </span>
    </p>

    <p class='ocr_par' dir='ltr' id='par_1_7' title="bbox 407 4405 1605 4754">
     <span class='ocr_line' id='line_1_30' title="bbox 516 4405 1605 4485; baseline 0.007 -8"><span class='ocrx_word' id='word_1_192' title='bbox 516 4405 574 4479; x_wconf 81' lang='lat' dir='ltr'>Ad</span> <span class='ocrx_word' id='word_1_193' title='bbox 617 4405 908 4480; x_wconf 82' lang='lat' dir='ltr'>examinandum</span> <span class='ocrx_word' id='word_1_194' title='bbox 942 4407 1141 4481; x_wconf 84' lang='lat' dir='ltr'>&#39;lincturae</span> <span class='ocrx_word' id='word_1_195' title='bbox 1180 4408 1344 4482; x_wconf 92' lang='lat' dir='ltr'>colorem</span> <span class='ocrx_word' id='word_1_196' title='bbox 1383 4409 1605 4485; x_wconf 89' lang='lat' dir='ltr'>adhibeatur</span> 
     </span>
     <span class='ocr_line' id='line_1_31' title="bbox 409 4532 1603 4628; baseline 0.007 -24"><span class='ocrx_word' id='word_1_197' title='bbox 409 4532 616 4623; x_wconf 88' lang='lat' dir='ltr'>cylindrum</span> <span class='ocrx_word' id='word_1_198' title='bbox 645 4554 665 4606; x_wconf 91' lang='lat' dir='ltr'>e</span> <span class='ocrx_word' id='word_1_199' title='bbox 693 4534 788 4607; x_wconf 85' lang='lat' dir='ltr'>vitro</span> <span class='ocrx_word' id='word_1_200' title='bbox 818 4534 991 4608; x_wconf 90' lang='lat' dir='ltr'>decolore</span> <span class='ocrx_word' id='word_1_201' title='bbox 1027 4534 1194 4608; x_wconf 90' lang='lat' dir='ltr'>diametri</span> <span class='ocrx_word' id='word_1_202' title='bbox 1218 4536 1516 4611; x_wconf 90' lang='lat' dir='ltr'>millimetrorum</span> <span class='ocrx_word' id='word_1_203' title='bbox 1542 4539 1603 4628; x_wconf 68' lang='lat'>20,</span> 
     </span>
     <span class='ocr_line' id='line_1_32' title="bbox 407 4658 1074 4754; baseline 0.003 -23"><span class='ocrx_word' id='word_1_204' title='bbox 407 4658 510 4751; x_wconf 90' lang='lat' dir='ltr'>quod</span> <span class='ocrx_word' id='word_1_205' title='bbox 530 4659 704 4754; x_wconf 87' lang='lat' dir='ltr'>impletur</span> <span class='ocrx_word' id='word_1_206' title='bbox 718 4661 898 4736; x_wconf 87' lang='lat' dir='ltr'>Tinctura</span> <span class='ocrx_word' id='word_1_207' title='bbox 912 4661 1074 4735; x_wconf 89' lang='lat' dir='ltr'>definita.</span> 
     </span>
    </p>
   </div>
   <div class='ocr_carea' id='block_1_4' title="bbox 0 0 1868 5400">
    <p class='ocr_par' dir='ltr' id='par_1_8' title="bbox 0 0 1868 5400">
     <span class='ocr_line' id='line_1_33' title="bbox 0 0 1868 5400; baseline 0 6"><span class='ocrx_word' id='word_1_208' title='bbox 0 0 1868 5400; x_wconf 95' lang='lat' dir='ltr'> </span> 
     </span>
    </p>
   </div>
  </div>
 </body>
</html>
