3725 5400
919 492 1156 566 -288-

441 730 575 803 expers
595 729 695 802 aqua
711 708 1021 802 hydrosuliurata
1037 710 1326 804 praecipitatum
1340 711 1501 804 nigrum
1525 712 1632 787 acido

440 821 619 910 sulfurico
635 835 774 930 album,
792 836 831 908 in
845 836 966 910 nutrio
985 837 1272 929 hydrooxydato
1288 838 1447 912 solubile
1463 838 1630 914 demittit.

548 963 691 1037 Salutio
726 984 798 1057 ope
825 962 920 1037 acidi
944 963 1067 1036 nitn'ci
1094 964 1200 1038 diluti
1224 969 1356 1058 parata
1375 965 1502 1041 addito
1523 966 1631 1040 acido

438 1091 617 1166 sulfurico
634 1092 750 1165 diluto
772 1085 1104 1185 superabundante
1118 1092 1297 1178 filtratum
1316 1094 1506 1185 praebeat,
1528 1095 1630 1188 quod

438 1218 566 1291 addita
598 1219 790 1292 ammonia
822 1217 976 1292 decolor
1001 1224 1154 1293 maneat
1189 1220 1250 1293 vel
1281 1220 1434 1294 nonnisi
1468 1219 1631 1295 colorem

436 1347 724 1420 subcaeruleum
765 1346 897 1420 induat
942 1368 1013 1420 nec
1060 1347 1345 1441 praecipitatum
1390 1348 1629 1442 perceptibile

435 1473 716 1548 rubro-luscum
736 1473 911 1568 deponat.

546 1600 761 1674 Grammata
786 1603 809 1674 5
834 1601 982 1675 Plumbi
1005 1602 1155 1694 oxydati
1179 1623 1265 1675 cum
1289 1603 1438 1696 aequali
1462 1603 1629 1697 pondere

436 1748 557 1821 aquae
595 1733 851 1822 conquassata
898 1733 935 1802 et
978 1728 1064 1802 dein
1101 1749 1187 1802 cum
1226 1729 1451 1804 centimetris
1489 1730 1628 1805 cubicis

436 1855 488 1927 su
513 1854 608 1928 acidi
635 1854 765 1929 acetici
789 1855 971 1929 calefacta
994 1877 1130 1947 parum
1154 1855 1304 1930 nonnisi
1328 1857 1575 1931 effervescunt
1592 1862 1630 1931 et

434 1982 597 2055 maxima
625 2004 671 2056 ex
702 1987 808 2076 parte
837 1983 1045 2071 solvantur;
1084 1983 1279 2057 residuum
1305 1983 1476 2058 relictum
1508 2003 1557 2058 ne
1582 1984 1630 2059 sit

433 2111 530 2202 plus,
549 2130 664 2203 quam
683 2110 1033 2201 centigrammatum
1054 2109 1089 2184 5.

540 2236 702 2330 Ignitum
734 2255 783 2310 ne
815 2237 901 2329 plus
934 2258 1049 2330 quam
1076 2242 1222 2332 partem
1256 2236 1501 2312 centesimam
1532 2259 1625 2332 pon·

433 2363 530 2437 deris
549 2365 691 2458 perdet

498 2579 648 2713 Pctic
676 2578 943 2752 llagrcsii
971 2578 1145 2715 sitrici
1174 2578 1552 2716 effervescens.

430 2801 513 2894 Rp:
541 2803 705 2892 llsgucsii
723 2803 892 2874 csrbculci
1276 2809 1476 2900 prammatc
1600 2805 1623 2877 8

540 2930 699 3001 bacchari
1278 2936 1477 3028 prammatu
1573 2931 1624 3005 40

540 3058 611 3131 illei
629 3058 711 3130 citri
1276 3062 1414 3152 puttam
1592 3063 1623 3131 l.

513 3184 672 3258 Contere
694 3207 780 3258 cum

537 3316 650 3402 Aquae
1278 3315 1448 3410 qrammis
1532 3315 1609 3389 300

512 3444 549 3512 et
566 3437 721 3512 immitte
739 3438 779 3512 in
797 3438 972 3531 lagenam
990 3438 1181 3529 idoneam;
1200 3447 1282 3514 tum
1300 3440 1397 3515 adde

537 3569 632 3639 ldd
650 3569 761 3640 altrici
778 3569 815 3640 lu
835 3570 1008 3660 crystallis
1276 3575 1477 3665 prammata
1564 3570 1622 3644 ll.

509 3693 663 3785 Lagena
691 3695 763 3768 cito
793 3694 989 3769 claudatur
1017 3697 1154 3770 subere
1184 3702 1221 3770 et
1248 3696 1449 3789 ligamento
1479 3702 1567 3791 apto
1587 3703 1625 3771 et

430 3826 707 3915 conquassetur
725 3821 857 3895 leniter
871 3822 1064 3896 nonnullis
1079 3822 1225 3897 vicibus
1239 3844 1363 3916 usque
1378 3824 1428 3897 ad
1441 3825 1625 3917 magnesii

430 3948 619 4022 carbonici
637 3950 843 4042 perlectam
862 3950 1100 4023 solutionem.

710 4220 1351 4354 maturandum.

537 4402 665 4475 Pulvis
695 4402 963 4478 subtilissimus
994 4404 1213 4493 subfuscuS‚
1249 4404 1378 4478 odoris
1410 4427 1555 4499 expers
1584 4407 1624 4481 in

429 4553 530 4624 aqua
551 4531 725 4606 facillime
750 4532 929 4606 solubilis.
968 4533 1110 4607 Soluto
1135 4554 1281 4625 aquosa
1311 4536 1345 4626 (1
1376 4566 1421 4598 =
1447 4536 1538 4625 100)
1567 4540 1625 4608 est

427 4657 592 4751 limpida,
627 4659 763 4732 coloris
787 4660 1028 4749 rubro-fusci,
1054 4659 1255 4734 reactionis
1280 4660 1476 4751 alcalinae3
1497 4660 1623 4734 addito
