3725 5400
747 492 962 566 *19*

256 710 440 803 liquorem
476 704 672 804 limpidum
708 711 907 785 coactionis
944 711 1040 786 acidi
1076 717 1115 788 et
1155 710 1285 786 odoris
1323 711 1453 786 debilis

258 837 468 932 peculiaria,
489 858 734 931 nequaquam
754 838 926 913 aetherei.
948 837 1071 914 Facile
1089 838 1259 913 solubilia
1277 838 1317 912 in
1335 839 1454 931 glyee·

258 964 352 1055 nno,
371 965 449 1039 fara
469 962 680 1039 insolubilis
698 965 738 1039 ln
752 965 913 1041 aethera
1179 1012 1181 1019 s

364 1092 509 1167 Solutio
555 1092 643 1167 tani
690 1091 980 1185 aesqdchlorati
1029 1093 1069 1166 ln
1115 1090 1301 1167 solutione
1338 1088 1455 1166 diluta

259 1219 424 1293 colorem
480 1220 705 1311 caemleum,
759 1221 801 1295 in
849 1225 1091 1295 concentrata
1136 1219 1386 1295 sedlmentum
1432 1236 1453 1294 a

259 1342 431 1421 caenuleo
450 1347 639 1440 mplcane
657 1346 842 1441 producit,
862 1344 965 1442 quod
984 1342 1113 1422 addito
1140 1346 1248 1421 acido
1274 1347 1452 1422 sulfurico

259 1472 457 1548 evanescit

366 1601 510 1676 Solutio
531 1623 679 1695 aquosa
696 1601 803 1677 Acidi
820 1598 962 1676 tannici
986 1601 1022 1697 (l
1044 1628 1092 1667 π
1111 1599 1149 1698 5)
1184 1601 1310 1676 addito
1344 1598 1453 1676 acido

257 1727 435 1801 arliurico
454 1724 514 1803 vel
535 1728 664 1803 addita
682 1726 869 1803 solutione
886 1729 995 1803 natrii
1017 1727 1175 1803 chloratl
1193 1728 1353 1803 Αοίἀυω
1372 1734 1452 1803 tan-

257 1855 383 1930 nicum
402 1855 565 1949 deponit

366 1980 592 2057 Centimelra
611 1982 742 2056 cubica
757 1982 780 2055 l
797 1981 993 2056 solutionis
1008 1982 1115 2056 Acidi
1128 1982 1269 2057 tannici
1283 2003 1451 2077 aquosae

259 2109 296 2201 (1
321 2139 370 2173 =
393 2108 432 2205 6)
466 2108 641 2182 admixtis
674 2108 905 2183 centimetris
939 2109 1079 2183 cubicis
1122 2110 1145 2182 b
1184 2109 1339 2204 spiritus
1376 2104 1452 2182 vini

256 2235 410 2330 limpida
436 2240 669 2326 remaneam
706 2236 801 2311 baec
829 2236 957 2311 mixtio
985 2232 1045 2311 vel
1073 2236 1201 2310 addito
1231 2236 1450 2311 centimetro

258 2361 390 2437 cubico
411 2362 574 2436 aetheris
593 2384 641 2436 ne
660 2363 838 2439 turbetur.

367 2489 499 2564 Partes
537 2488 612 2563 100
640 2488 748 2563 Acidi
774 2488 917 2564 tannicl
945 2486 1171 2564 exsiccando
1199 2495 1452 2585 temperatura

264 2616 362 2689 100⁰
385 2636 434 2690 na
452 2614 537 2712 plus
558 2634 673 2712 quam
690 2622 820 2712 partes
844 2614 890 2690 ll
910 2618 1080 2713 perdent

364 2744 662 2836 Decigrammata
687 2747 709 2819 5
730 2743 836 2819 Aridi
864 2745 1003 2820 taunici
1032 2746 1230 2820 combusta
1256 2745 1451 2821 residuum

255 2869 498 2965 ponderabile
517 2887 565 2946 ue
583 2872 809 2965 rellnquaut

563 3263 789 3403 Acilun
818 3269 1148 3406 tartaricum

370 3506 542 3601 crystalli
588 3508 827 3602 prismatlcae
877 3509 937 3582 rel
989 3508 1281 3583 tabulaeformes
1341 3509 1450 3582 deco·

256 3633 368 3725 lares,
397 3633 620 3729 diaphonae,
648 3636 863 3728 frequenter
894 3636 934 3708 in
967 3640 1112 3709 crustas
1130 3640 1337 3724 concretae,
1366 3643 1452 3710 aere

260 3761 516 3855 persistentes,
541 3761 582 3836 ln
600 3761 742 3837 lamina
759 3764 924 3856 platinae
950 3759 1172 3837 fervefactae
1191 3762 1348 3837 odorem
1371 3783 1453 3836 sac·

257 3889 364 3961 chari
399 3891 490 3963 tosti
528 3897 750 3984 spargentes
779 3895 816 3964 et
842 3889 1169 3980 carbonescenteS‚
1205 3889 1378 3963 facillime
1414 3889 1453 3962 in

261 4000 372 4108 aqua,
402 4016 510 4090 facile
537 4017 577 4090 in
606 4017 739 4110 spiritu
756 4016 840 4105 vini,
869 4011 1017 4090 difficile
1036 4017 1076 4089 in
1095 4016 1245 4091 aethera
1265 4015 1454 4090 solubiles.

368 4142 511 4218 Solulio
542 4164 690 4238 aquosa
718 4144 873 4239 (1:3)
903 4161 991 4218 cum
1016 4144 1201 4218 solutione
1220 4143 1306 4216 kalii
1326 4142 1455 4216 acetici

264 4270 514 4344 sedimentum
543 4271 812 4365 crystallinum,
841 4291 930 4344 cum
964 4291 1064 4363 aqua
1096 4269 1207 4344 calcis
1240 4270 1455 4343 abundante

261 4396 513 4471 sedimentum
539 4398 661 4492 primo
694 4398 953 4486 flocculosum‚
984 4419 1073 4470 mox
1106 4397 1359 4489 crystallinum
1394 4396 1454 4470 de·

261 4525 377 4617 ponit,
399 4526 502 4618 quod
516 4526 555 4600 in
571 4526 758 4600 solutione
773 4525 951 4597 ammonii
966 4525 1122 4598 cblorati
1137 4530 1173 4597 et
1191 4524 1300 4597 natrii
1318 4524 1454 4616 hydro-

260 4653 412 4744 oxydati
432 4653 592 4727 solubile
613 4659 684 4742 eat;
717 4653 854 4726 solutio
874 4653 994 4724 nutrio
1018 4650 1302 4744 hydrooxydato
1323 4650 1456 4724 effecta

1203 4789 1236 4843 q.
