3725 5400
831 552 833 556 .
923 492 1168 566 -316-

448 715 686 788 luscescente
706 716 771 786 aut
788 711 924 806 pallide
943 710 1114 798 rubente,
1133 709 1175 783 in
1192 713 1388 802 segmento
1407 713 1639 797 transverso,

449 840 668 935 praesertim
691 840 740 913 ad
761 838 908 913 initium
927 838 1057 912 annuli
1085 837 1269 929 cuiusque
1293 836 1384 911 anni
1416 835 1643 910 concentrici
1753 868 1758 876 ·

449 968 648 1042 manifeste
667 988 821 1061 peroso,
854 965 970 1039 radiis
988 963 1258 1038 medullaribus
1291 963 1546 1037 subtilissimis
1579 984 1642 1057 ap·

450 1095 669 1190 proximatis
689 1099 853 1168 exarato.

558 1222 716 1316 Saepius
754 1221 914 1295 oocum't
937 1219 1110 1293 minutim
1147 1218 1269 1292 scissa
1305 1217 1443 1292 autin
1473 1218 1643 1292 frustulis

450 1350 654 1425 cubot’deis.

557 1476 600 1550 ln
618 1476 921 1571 parenchymate,
944 1473 1068 1567 amylo
1107 1472 1315 1567 composito
1347 1472 1436 1562 feto,
1461 1470 1643 1565 imprimis

450 1605 490 1678 in
522 1625 567 1678 eo
604 1602 795 1677 radiorum
831 1601 1096 1675 medullarium
1127 1604 1165 1673 et
1197 1599 1343 1673 corticis
1362 1603 1400 1673 et
1430 1598 1531 1691 ligni,
1571 1619 1642 1691 ope

450 1730 685 1825 microscopii
722 1730 973 1804 observantur
1007 1725 1158 1802 utriculi
1194 1727 1318 1821 ampli,
1357 1726 1441 1800 oleo
1468 1725 1644 1800 aethereo

449 1857 589 1952 repleti
1616 1849 1622 1865 '

558 1985 626 2058 Est
642 1983 766 2058 Radix
785 1984 913 2058 odoris
943 1982 1037 2076 grati
1066 1980 1320 2070 foeniculacei
1355 1980 1501 2075 saporis
1530 1978 1644 2053 dulci·

450 2112 584 2188 usculi.
630 2113 706 2184 100
737 2112 818 2185 eius
837 2115 964 2206 partes
983 2131 1032 2184 ne
1051 2110 1268 2203 plusquam
1285 2111 1432 2202 partem
1455 2107 1473 2180 1
1510 2106 1645 2181 cineris

450 2240 674 2332 relinquant

557 2365 717 2460 Lignum
736 2366 870 2455 trunci,
892 2368 1060 2438 aromate
1079 2363 1157 2437 fere
1177 2362 1333 2437 omnino
1354 2382 1498 2451 carens
1531 2360 1646 2435 reiici-

451 2494 592 2567 endum
611 2498 678 2566 est

811 2779 988 2915 Radix
1018 2777 1276 2951 Scncgac.

560 3002 734 3101 Polppala
762 3000 915 3100 Sempe
960 3002 1011 3092 L.‚
1054 3002 1183 3095 planta
1228 2999 1406 3094 perennis
1452 2998 1647 3073 Americae

451 3131 625 3205 borealis.
1215 3216 1224 3231 ,

561 3258 683 3331 Radix
703 3257 843 3331 stccata
861 3257 910 3330 ad
939 3256 1184 3331 decimetrum
1197 3255 1322 3347 longa,
1342 3254 1415 3327 sub
1429 3252 1514 3327 basi
1526 3252 1647 3327 multi·

453 3385 561 3480 cipite
579 3384 998 3472 tuberculosonodosa,
1033 3404 1147 3477 saepe
1166 3381 1328 3456 residuis
1359 3380 1513 3455 caulinis
1541 3401 1648 3474 prae·

454 3514 530 3587 dita
561 3534 648 3586 raro
680 3512 820 3585 uuass
855 3498 1065 3585 millimetra
1096 3531 1237 3597 crassa,
1272 3509 1429 3601 simplex
1462 3512 1527 3580 aut
1560 3507 1647 3580 sub-

452 3662 615 3730 ramosa,
652 3639 797 3733 apicem
832 3659 967 3711 versus
1005 3637 1148 3711 sensim
1186 3639 1389 3724 attenuata,
1427 3634 1647 3728 plerumque

454 3772 618 3856 arcuata,
652 3767 807 3840 falcata.
827 3770 892 3838 aut
923 3769 1106 3854 tortuosa,
1144 3764 1184 3837 in
1214 3762 1389 3837 interiore
1427 3767 1647 3835 curvaturae

453 3895 568 3968 latere
603 3892 730 3967 carina
763 3892 926 3965 corticali
958 3891 1044 3986 plus
1077 3891 1249 3964 minusve
1284 3893 1418 3982 arguta
1448 3893 1589 3981 notata,
1610 3888 1649 3961 in

452 4023 567 4095 latere
601 4020 774 4114 opposito
808 4040 961 4111 rugosa,
996 4019 1147 4109 callosa,
1186 4024 1327 4105 torosa,
1367 4020 1475 4089 extus
1514 4015 1648 4089 coloris

453 4148 579 4221 ssavidi
597 4152 662 4221 aut
681 4144 1081 4239 griseo-fusoescentis,
1111 4144 1238 4219 odoris
1258 4142 1470 4237 peculiaris
1501 4142 1648 4236 saporis

455 4275 563 4349 acris
1578 4355 1579 4359 Ἰ

563 4401 686 4475 Sectio
719 4406 937 4474 transversa
968 4399 1133 4490 Radicis
1174 4399 1361 4473 solutione
1394 4396 1481 4471 kalii
1512 4396 1650 4489 hydro·

455 4528 606 4622 oxydati
633 4528 849 4602 humectata
868 4528 1034 4601 colorem
1051 4527 1192 4600 flavum
1210 4526 1376 4614 trahens
1403 4524 1553 4598 exhibet
1571 4545 1650 4597 cor-

454 4657 565 4731 ticem
592 4660 652 4729 sat
670 4656 788 4729 latum
816 4660 853 4729 et
870 4654 1013 4747 lignum
1043 4653 1216 4743 centrale,
1246 4652 1360 4727 radiis
1379 4650 1649 4725 medullaribus
