3725 5400
697 488 933 562 -a15-

325 705 452 783 Pulvis
480 707 747 782 mibtilissimus
772 706 906 782 flavide
936 704 1056 796 albus,
1090 704 1130 778 in
1149 723 1260 797 aqua,
1281 702 1413 799 spiritu

219 833 295 906 vini
314 838 352 908 et
369 834 520 909 aethere
539 833 688 929 penitus
711 833 934 924 insolubilia,
967 833 1107 926 ignitus
1126 832 1304 906 sublimat
1323 830 1413 924 quin

219 960 412 1055 liquescat.
444 961 753 1059 Cumsolutione
782 961 891 1035 natrii
920 959 1192 1053 hydrooxydati
1224 957 1412 1051 nigrescit,

221 1089 449 1163 ammoniam
467 1111 556 1164 vero
575 1090 636 1164 vel
654 1090 841 1164 solutione
862 1089 1042 1163 calefacta
1060 1109 1108 1162 ue
1128 1087 1286 1161 exhalet

330 1218 555 1294 Centimetra
601 1217 732 1292 cubica
780 1218 829 1291 10
876 1216 1028 1311 spiritus
1074 1216 1150 1289 vini
1186 1214 1291 1289 diluti
1328 1235 1416 1289 cum

223 1351 428 1440 grammate
461 1346 624 1441 pulveris
663 1351 843 1440 quassata
879 1343 972 1418 nihil
1009 1344 1090 1418 eius
1133 1342 1292 1432 solvant,
1326 1341 1415 1416 hinc

222 1475 345 1569 liquor
366 1474 527 1549 filtratus
550 1494 621 1548 nec
645 1495 745 1567 aqua
767 1472 1074 1566 hydrosuliurata
1098 1470 1225 1545 addita
1246 1469 1307 1543 vel
1329 1471 1418 1563 post

222 1602 372 1695 longius
399 1602 579 1696 temporis
607 1602 842 1676 intervallum
860 1599 968 1692 nigro
985 1600 1109 1673 colore
1128 1597 1325 1688 inficiatur,
1345 1616 1417 1670 nec

224 1734 379 1822 argento
413 1729 544 1804 uitrico
579 1730 703 1804 soluto
732 1728 902 1804 turbetur
931 1731 968 1803 et
994 1727 1034 1800 in
1061 1726 1197 1799 balneo
1227 1744 1348 1818 aquae
1368 1724 1416 1797 ad

225 1856 367 1932 siccum
386 1862 610 1951 evaporatus
630 1856 824 1932 residuum
841 1856 903 1930 vix
920 1855 1119 1947 relinquat.

333 1983 510 2058 Servetur
526 1984 567 2058 iu
585 2005 675 2057 vase
694 1984 769 2058 luci
786 1983 977 2076 impertio.

276 2313 948 2447 Hydraromm
1002 2309 1374 2421 coctarum

656 2472 993 2606 [lacum

227 2678 302 2773 Rp:
336 2679 547 2772 llytlrcrgyrl
1161 2681 1285 2774 portas
1357 2678 1405 2751 16

336 2807 406 2880 loll
1163 2811 1287 2902 portes
1360 2806 1419 2879 10.

227 2934 270 3007 ln
297 2933 517 3007 mortarium
543 2933 702 3006 vitreum
734 2933 924 3008 immissas
954 2938 992 3007 et
1019 2932 1149 3027 spirim
1171 2932 1247 3007 vini
1270 2934 1423 3007 humec-

228 3064 325 3133 tatas
350 3064 439 3148 tere,
474 3059 595 3134 donec
620 3060 759 3151 globuli
781 3061 954 3135 metallici
979 3060 1239 3156 disparuerint,
1272 3081 1421 3152 carana,

229 3191 271 3261 ut
301 3208 431 3262 massa
462 3187 557 3261 inter
589 3187 861 3262 triturationem
890 3192 1042 3262 maneat
1068 3188 1235 3278 humida,
1271 3189 1423 3264 demum

230 3314 360 3410 spiritu
380 3314 453 3388 vini
471 3315 557 3389 lava
576 3318 614 3388 et
630 3315 670 3388 in
688 3315 772 3389 loco
792 3316 975 3389 umbroso
995 3315 1105 3390 sicca

339 3443 393 3515 Sit
418 3442 541 3536 pulvis
569 3463 589 3516 e
619 3442 819 3516 virescenti
848 3443 979 3532 ssavus,
1006 3443 1046 3516 in
1070 3464 1170 3536 aqua
1201 3445 1425 3538 perpaulum

230 3568 410 3660 solubilis,
449 3570 489 3643 in
527 3569 657 3663 spiritu
693 3570 770 3644 vini
807 3573 844 3644 et
880 3570 1031 3645 aethere
1077 3570 1299 3661 insolubilis,
1338 3570 1425 3664 igne

230 3719 387 3791 prorsus
406 3698 541 3787 avolat,
561 3697 656 3799 lucis
676 3697 779 3770 aditu
799 3697 1094 3792 decomponitur.

299 3917 305 3924 ,
340 3825 434 3900 Cum
466 3824 588 3899 natrio
630 3824 915 3919 hydrooxydato
950 3825 1074 3899 soluto
1112 3825 1300 3918 nigrescit,
1340 3846 1426 3900 cum

231 3953 337 4027 acido
374 3952 553 4026 sulitrrico
588 3956 829 4025 concontrato
863 3955 901 4025 et
928 3972 1117 4044 mangano
1143 3952 1425 4047 hyperoxydato

232 4079 433 4154 calefactus
453 4101 613 4174 vapores
633 4080 821 4153 violaceus
841 4079 983 4152 emittit

339 4206 517 4282 Gramma
539 4206 767 4300 Hydrargyri
799 4207 913 4282 iodati
950 4207 1036 4280 flavi
1074 4229 1161 4282 cum
1199 4208 1426 4282 centimetris

233 4335 373 4411 cubicis
409 4335 459 4408 10
492 4333 643 4428 spiritus
675 4334 751 4408 vini
785 4339 1009 4427 quassatum
1031 4334 1216 4428 liquorem
1234 4334 1424 4429 praebeat,

232 4461 296 4557 qui
314 4461 473 4536 filtratus
493 4481 593 4554 aqua
612 4460 918 4554 hydrosulfurata
936 4461 996 4535 vix
1015 4461 1197 4535 turbetur.

341 4589 517 4663 Servetur
535 4588 575 4662 in
593 4609 683 4661 vase
701 4589 776 4662 luci
794 4587 986 4681 impervio.
