3725 5400
917 458 1160 530 -aeo-

547 673 602 746 Sit
636 673 757 767 Pulpa
793 673 948 750 Cassiae
986 675 1124 749 coloris
1161 696 1182 749 e
1218 674 1327 748 flasco
1359 673 1467 766 nigri,
1507 673 1634 747 odoris

438 800 650 895 peculiaris
696 799 843 895 saporis
885 806 990 895 grate
1032 801 1164 876 dulcis.
1205 800 1372 875 Contrita
1413 820 1502 874 cum
1537 821 1638 893 eqrra

438 949 487 1002 ne
506 926 681 1000 exhibeat
698 927 900 1021 particulas
920 927 1132 1020 grossiores
1151 928 1247 1001 telae
1266 926 1495 1019 vegetabilis

547 1053 680 1128 Partes
704 1054 780 1127 100
800 1053 955 1148 Pulpae,
985 1059 1238 1149 temperatura
1274 1054 1374 1127 100Ο
1398 1053 1559 1128 siccatae
1586 1075 1636 1127 ne

438 1181 525 1277 plus
546 1202 661 1275 quam
678 1183 806 1275 partes
835 1183 887 1255 40
915 1181 1094 1277 ponderis
1127 1180 1295 1276 perdant
1334 1178 1435 1254 Cinis
1460 1180 1637 1255 obtentus

441 1331 461 1382 e
491 1308 670 1401 grammis
707 1307 729 1381 0
760 1308 902 1404 Pulpae
937 1309 1093 1384 Cassiae
1136 1310 1284 1383 solutus
1317 1307 1571 1382 calefaciendo
1598 1311 1638 1381 in

442 1436 551 1510 acido
598 1435 885 1527 hydrocblorico
947 1437 1063 1510 diluto
1110 1436 1294 1529 liquorem
1335 1434 1525 1528 praebeat,
1573 1435 1638 1528 qui

439 1565 599 1638 filtratus
619 1585 720 1657 aqua
738 1563 1045 1656 hydrosulfurata
1065 1585 1115 1638 ne
1134 1568 1308 1638 mutetur.

785 1958 955 2129 Pulpa
981 1959 1291 2093 Prunorun.

442 2236 518 2330 Rp:
551 2238 731 2309 bucinum
749 2237 934 2307 hunorum
953 2234 1178 2308 siccatorum
1198 2240 1234 2309 et
1252 2235 1491 2309 concisorum
1555 2259 1586 2332 q.
1604 2260 1636 2308 v.

517 2362 645 2457 Coque
666 2384 753 2435 cum

551 2496 664 2580 Aquae
1558 2511 1586 2563 s.
1607 2514 1637 2584 q.

516 2616 690 2690 continue
720 2615 897 2708 agitando
925 2636 1049 2708 usque
1078 2614 1127 2688 ad
1160 2615 1384 2689 emollitiem.
1405 2614 1552 2689 Pultem
1569 2638 1638 2712 per

443 2745 606 2819 cribrum
623 2749 815 2817 setaceum
838 2750 901 2825 (IV)
920 2743 1185 2817 transmissam
1203 2744 1242 2817 in
1260 2744 1389 2837 patina
1402 2744 1639 2836 porcellanea

442 2892 514 2965 ope
529 2871 654 2945 balnei
672 2891 793 2963 aquae
815 2891 978 2963 evapora
997 2869 1045 2943 ad
1061 2870 1214 2944 extracti
1228 2868 1418 2963 spissioris
1435 2870 1639 2944 consisten-

441 2998 542 3073 tiam
569 2998 667 3071 Tum
686 2997 800 3071 huius

551 3128 675 3218 Pulpac
694 3128 898 3217 inspissatae
1362 3131 1489 3222 partes
1616 3126 1638 3198 3

519 3253 721 3326 commisce
742 3273 828 3325 cum

554 3382 712 3453 bacchari
729 3381 766 3452 in
784 3381 924 3470 pulvere
1382 3383 1492 3474 parte
1619 3380 1635 3449 l

517 3512 554 3582 et
572 3528 737 3600 evapora
755 3506 803 3579 ad
823 3505 1106 3579 consistentiam
1125 3507 1261 3598 pulpae
1280 3506 1476 3597 legitimae.

552 3633 672 3727 Pulpa
708 3633 922 3706 Pruuorum
969 3632 1017 3705 sit
1054 3633 1189 3705 coloris
1227 3632 1458 3724 nigro-bisai,
1493 3632 1640 3725 saporis

446 3762 567 3835 dulcis
597 3767 634 3834 et
658 3760 794 3834 aciduli
813 3780 882 3832 uec
904 3759 1217 3852 empyreumatici.
1246 3759 1413 3834 Contrita
1436 3780 1640 3851 curuaqua
1668 3818 1671 3825 .

445 3911 494 3963 ne
514 3888 689 3963 exhibeat
707 3886 908 3981 particulas
935 3886 1143 3977 grossiores
1172 3888 1268 3960 telae
1296 3886 1527 3978 vegetabilis.

553 4015 685 4087 Partes
722 4015 798 4086 100
822 4013 962 4106 Pulpae
987 4017 1239 4106 temperatura
1275 4015 1375 4088 1000
1413 4014 1573 4087 siccatae
1593 4034 1640 4084 ne

445 4144 532 4236 plus
552 4163 667 4236 quam
686 4148 812 4234 partes
832 4141 884 4213 40
903 4139 1084 4234 ponderis
1103 4142 1273 4234 perdant

555 4268 812 4341 Praesentiam
854 4267 1092 4340 metallorum
1135 4268 1327 4342 examines
1367 4273 1409 4342 ut
1447 4268 1486 4341 in
1523 4267 1641 4360 pulpa

448 4395 603 4470 Cassiae
622 4400 804 4468 notatum.
