3725 5400
661 492 902 565 -341-

290 710 370 804 Ope
407 710 645 803 microscopii
682 709 900 782 observabis
940 710 1093 783 cellulas
1140 708 1380 802 epidermidis

180 844 299 914 testae
345 838 506 912 breviter
550 836 785 930 prismaticas
836 838 1058 911 membrana
1102 837 1221 929 fusca,
1273 842 1381 911 extus

183 967 366 1041 crassiore
396 972 432 1040 et
460 964 769 1059 endospermium
796 987 816 1039 e
837 964 978 1038 cellulis
997 964 1186 1059 polyedris
1209 964 1381 1037 radiatim

183 1093 373 1188 dispositis
392 1085 613 1166 membrana
632 1091 807 1165 decolore
830 1113 981 1186 porosa,
1013 1091 1178 1184 granulis
1204 1091 1316 1184 amyli
1343 1092 1382 1164 in

182 1225 366 1316 plasmate
387 1223 517 1296 oleoso
536 1221 700 1314 repletis

296 1349 371 1423 100
399 1355 526 1442 partes
560 1371 607 1422 ne
642 1350 727 1443 plus
758 1371 871 1442 quam
901 1353 1028 1441 partes
1058 1351 1081 1423 8
1112 1348 1245 1422 cineris
1274 1348 1383 1421 relin-

186 1483 316 1571 quant.
574 1489 580 1498 ‘

561 1763 752 1899 Senon
781 1762 1010 1936 Sinopis,

294 1982 464 2058 Brassica
484 1986 587 2084 niqra
605 1987 737 2077 Koch,
764 1988 894 2080 planta
914 2008 1052 2077 annua,
1084 1988 1185 2080 apud
1199 2009 1271 2061 nos
1291 1987 1384 2062 indi·

187 2138 285 2207 gena
304 2121 341 2191 et
360 2117 469 2191 culta.

295 2243 447 2317 Semina
465 2248 613 2317 matura
632 2242 733 2317 sicca
767 2244 1011 2335 subglobosa,
1035 2243 1216 2318 diametro
1242 2245 1384 2318 1-1-5

186 2370 392 2460 millimetri,
414 2376 511 2445 testa
529 2376 637 2445 extus
657 2372 896 2444 lusco-rubra
925 2372 997 2444 sub
1025 2371 1125 2445 lente
1145 2368 1387 2445 subtilissime

187 2498 594 2587 reticulato-foveolata,
631 2498 834 2591 embryone
869 2498 1154 2571 exalbuminoso
1193 2499 1388 2572 subviridi-

188 2630 297 2720 ssavn,
317 2629 457 2720 oleoso,
478 2628 752 2723 conduplicato,
774 2627 1059 2721 cotyledonibus
1084 2627 1182 2702 binis
1202 2628 1389 2724 applicati·

189 2757 258 2847 riS,
278 2755 445 2830 radicula
465 2756 666 2850 cylindrica
685 2757 952 2830 adscendente.

300 2882 454 2956 Semina
490 2886 581 2955 sunt
616 2883 785 2974 inodora,
823 2883 1052 2957 manducata
1090 2883 1237 2977 saporis
1283 2882 1388 2957 initio

191 3010 394 3100 subamari,
416 3010 587 3083 subacidi
606 3014 644 3084 et
662 3011 792 3100 oleosi,
814 3011 901 3086 dein
919 3011 1095 3105 peraccis,
1115 3012 1270 3086 urentis

296 3136 422 3210 Pulvis
470 3136 664 3211 Seminum
702 3160 721 3210 e
765 3139 936 3211 subflavo
973 3138 1220 3227 viridescenS,
1268 3142 1391 3213 Farina
1513 3218 1515 3223 ,

190 3267 353 3337 seminum
372 3268 514 3356 Sinopis,
547 3286 681 3338 recens
709 3269 864 3358 paratus
892 3266 931 3338 in
960 3265 1119 3340 officinis
1147 3272 1300 3359 praesto
1329 3266 1388 3340 sit.

189 3391 299 3484 Aqua
316 3392 554 3466 humectatus
575 3414 708 3466 auram
736 3393 894 3486 explicat
920 3394 1120 3483 volatilem,
1157 3392 1387 3467 acerrimam.

299 3517 379 3612 Ope
413 3520 650 3613 microscopii
677 3520 717 3594 in
744 3520 865 3595 farina
892 3522 1142 3595 observantur
1169 3521 1390 3615 praeprimis

189 3646 400 3738 fragmenta
418 3648 514 3721 telae
543 3647 893 3741 parencbymaticae
918 3648 1183 3741 cotyledonum
1208 3670 1228 3722 e
1248 3649 1390 3723 cellulis

190 3773 332 3865 exiguis
367 3774 608 3868 leptodermis
641 3775 793 3869 repletis
827 3775 953 3867 granis
993 3775 1109 3848 aleuri
1141 3774 1392 3867 irregulariter

189 3901 358 3975 formatis
383 3910 420 3976 et
447 3903 630 3995 plasmate
660 3903 807 3991 oleoso;
841 3903 1052 3995 fragmenta
1084 3908 1204 3976 testae
1233 3902 1390 3995 eiusque

190 4030 297 4118 telae,
326 4029 508 4122 imprimis
528 4051 667 4122 magna
716 4033 916 4124 polygona,
964 4031 1126 4105 formata
1177 4053 1197 4106 e
1249 4030 1391 4105 cellulis

191 4156 555 4249 subepiderrnalibus
579 4180 746 4232 unacum
766 4159 907 4233 cellulis
941 4159 1154 4233 sclereldeis
1186 4158 1315 4248 fuscis,
1352 4159 1392 4231 in

191 4284 285 4358 facie
295 4284 506 4378 polygonis,
527 4286 565 4358 in
585 4287 700 4361 latere
718 4288 957 4379 lagenae-aut
971 4287 1315 4374 sublusiformibus‚
1337 4285 1390 4358 in-

193 4411 398 4503 aequaliter
429 4412 660 4504 incrassatis,
695 4413 938 4506 longitudinis
969 4414 1153 4499 diversae;
1188 4414 1391 4507 particulae

193 4538 299 4612 strati
333 4562 353 4612 e
388 4540 529 4614 cellulis
558 4540 749 4634 pigmento
778 4542 886 4615 lusco
915 4542 1066 4635 repletis
1095 4540 1292 4636 polygonis
1321 4561 1392 4614 nec

194 4689 272 4740 non
291 4668 493 4762 particulae
513 4670 620 4743 strati
639 4672 857 4745 cellularum
879 4671 1101 4745 membrana
1129 4669 1398 4759 crassiuscula,
