3725 5400
743 548 789 561 —-
823 506 901 582 205
941 547 980 559 -·

377 724 451 796 100
466 728 592 816 partes
606 725 742 798 mercis
756 747 806 799 ne
821 727 947 800 minus
963 747 1078 817 quarn
1093 732 1220 820 partes
1240 728 1287 799 18
1304 725 1458 800 extracti

261 849 396 940 aquosi
415 849 616 924 exhibeant
635 856 671 925 et
691 853 912 927 combustae
942 875 991 928 ne
1016 856 1102 947 plus
1123 875 1238 947 quam
1256 858 1383 947 partes
1407 854 1455 926 10

263 976 398 1050 cineris
416 976 640 1070 relinquant

624 1266 805 1401 Herba
831 1267 1091 1439 Equiseti.

369 1484 576 1583 Equisetum
594 1511 735 1561 croccae
752 1489 804 1583 L„
835 1490 966 1583 planta
997 1492 1186 1584 perennia,
1220 1492 1260 1565 111
1288 1491 1403 1584 pratis
1420 1496 1457 1565 et

157 1630 159 1635 ·
261 1614 360 1707 agris
380 1613 545 1688 humidis
563 1614 737 1709 Europae
756 1617 932 1709 vulgaris

370 1740 505 1816 Caules
520 1742 664 1816 steriles
678 1764 801 1836 usque
816 1743 865 1816 ad
885 1747 908 1818 3
925 1744 1128 1819 decimetra
1145 1745 1257 1838 longi,
1275 1745 1450 1835 fistulosi,

261 1869 458 1964 superficie
487 1870 631 1959 sulcati,
667 1871 922 1961 scabriusculi‚
956 1872 1106 1962 virides
1133 1872 1327 1963 articulati,
1352 1874 1457 1947 iuxta

261 1997 438 2070 arficulos
469 1997 606 2090 vagina
638 1998 807 2073 scariosa
837 1998 1099 2073 subberbacea
1129 1999 1260 2074 5-15
1291 2001 1454 2089 dentata,

261 2124 436 2198 dentibus
478 2125 908 2199 lanceolata-subulatis
959 2127 1173 2220 ibidemque
1214 2128 1457 2202 verticillatim

259 2252 400 2326 ramosi
428 2252 543 2326 ramis
576 2253 868 2327 ascendentibus
902 2261 968 2327 aut
1000 2255 1215 2348 patentibus
1240 2255 1337 2327 cauli
1366 2276 1456 2329 con-

259 2380 455 2453 formibus.
476 2379 601 2453 Herba
620 2381 760 2455 siccata
773 2382 1004 2456 adhibeatur.

368 2507 411 2580 In
443 2513 655 2582 mercatura
692 2509 854 2581 occurrit
890 2510 1141 2583 communiter
1177 2509 1220 2582 in·
1253 2509 1456 2582 fasciculos

262 2634 434 2728 colligata
453 2640 518 2709 aut
536 2635 667 2710 scissa

370 2763 578 2838 Combusta
600 2764 754 2857 praebet
777 2765 1011 2859 expertibus
1040 2766 1116 2838 100
1140 2771 1265 2859 partes
1295 2767 1449 2839 15-17

261 2891 395 2965 cineris
415 2891 639 2984 griseo-albi,
661 2895 726 2984 qui
743 2892 971 2986 inpartibus
995 2894 1071 2967 100
1090 2914 1169 2965 non
1188 2892 1314 2966 minus
1335 2913 1450 2984 qnam

262 3017 408 3125 circiter
445 3019 496 3091 80
536 3023 662 3112 partes
696 3019 918 3093 insolubiles
951 3020 991 3092 in
1023 3019 1130 3093 acido
1163 3018 1454 3110 hydrochlorico

261 3144 436 3219 continet

569 3414 752 3550 1111111
790 3412 1141 3587 0111011111.

373 3654 560 3751 Galeopsis
578 3654 781 3729 octrolcuca
798 3655 1020 3744 Lamarclr,
1047 3655 1177 3748 planta
1204 3675 1333 3730 annua
1360 3655 1453 3730 indi·

260 3804 369 3875 gena,
403 3783 441 3856 in
470 3782 569 3875 agris
598 3781 772 3875 arvisque
802 3782 972 3856 arenosis
998 3780 1219 3856 Germaniae
1242 3783 1388 3857 mediae
1418 3790 1455 3859 et

260 3909 498 3984 occidentalis
516 3909 691 4002 vulgaris

366 4036 493 4111 Herba
529 4037 663 4110 florida
694 4036 842 4127 siccata,
876 4038 1029 4110 concisa
1058 4038 1130 4110 sub
1159 4037 1312 4112 nomine
1340 4040 1451 4112 ’111111

258 4167 592 4239 blankenheimcnsis
633 4165 694 4238 vel
743 4167 874 4237 Herbae
915 4166 1134 4237 bicberianae
1185 4169 1287 4253 nota,
1345 4165 1451 4239 caule

257 4313 411 4365 ramoso
450 4311 564 4383 saepe
601 4295 914 4386 purpurascente,
956 4291 1042 4385 pilis
1084 4292 1277 4385 adpressis
1319 4291 1453 4365 abicis

257 4418 498 4510 pubescente,
515 4418 568 4491 ad
587 4419 779 4510 geniculos
798 4418 901 4492 baud
919 4418 1076 4509 tumido,
1097 4419 1195 4493 foliis
1213 4419 1253 4493 in
1271 4419 1452 4513 petiolum

257 4545 458 4619 attenuatis
483 4545 614 4635 oratis,
640 4545 940 4638 ovato-oblongis
969 4551 1035 4621 aut
1056 4546 1286 4635 lanceolatis,
1319 4567 1451 4638 grosse

257 4672 420 4762 serratis
452 4672 640 4764 utrimque
659 4672 819 4746 molliter
843 4672 984 4767 pilosis,
1016 4674 1113 4747 laete
1137 4673 1197 4750 111
1219 4673 1451 4747 flavescenti·
