3725 5400
722 456 933 527 ..31..

339 671 474 746 Guttae
493 673 698 747 nonnullae
718 673 937 763 Cinnamali‚
966 695 1052 747 cum
1073 675 1219 766 aequali
1233 670 1426 787 ¹yolumine

231 799 326 873 acidi
354 799 473 873 nitrici
502 801 731 874 concentrati
752 800 1010 893 refrigerando
1036 801 1173 874 mixtae
1200 802 1240 875 in
1258 825 1427 879 massam

229 928 366 1000 flavam
399 925 653 1018 crystallinam
677 928 828 1018 abeunt,
861 949 959 1021 quae
977 949 1079 1021 aqua
1105 929 1243 1022 partim
1270 931 1427 1007 solvitur

230 1054 430 1128 secedente
450 1053 533 1127 oleo
554 1054 662 1128 flavo.

339 1180 481 1255 Soluto
502 1182 707 1275 spirituosa
720 1183 756 1274 (1
767 1183 892 1273 :50)
907 1182 1035 1256 addita
1054 1188 1159 1275 gutta
1177 1184 1264 1259 ferri
1282 1189 1428 1280 sesqui·

231 1309 388 1385 chlorati
407 1310 519 1383 soluti
538 1332 586 1383 ne
601 1315 776 1384 mutetur.

341 1435 567 1511 Centimetra
595 1437 726 1510 cubica
755 1437 1020 1527 bCinnemali,
1042 1459 1128 1512 cum
1157 1440 1306 1533 aequali
1324 1442 1429 1515 volu-

231 1563 331 1637 mine
351 1563 549 1637 solutionis
568 1564 679 1637 natrii
695 1565 998 1656 hydrosulfurosi
1013 1564 1052 1661 (3
1063 1597 1111 1630 =
1125 1567 1187 1657 10)
1202 1568 1318 1641 mixta
1336 1573 1373 1641 et
1390 1569 1430 1641 in

231 1691 367 1763 balneo
388 1712 509 1783 aquae
529 1690 710 1765 calefacta
727 1692 764 1764 in
789 1712 958 1764 massam
977 1692 1138 1766 solidam
1157 1694 1310 1784 abeunt,
1332 1717 1429 1788 quae

234 1819 391 1892 durante
424 1818 678 1892 calefaciendo
712 1819 847 1892 additis
880 1819 1025 1892 sensim
1058 1821 1277 1913 sensimque
1315 1823 1428 1895 centi-

233 1944 360 2018 metris
380 1945 520 2018 cubicis
541 1945 592 2020 20
611 1946 726 2019 huius
745 1947 946 2019 solutionis
965 1947 1076 2040 plane
1096 1948 1273 2022 solvatur.

349 2126 791 2238 conuincam
827 2129 1325 2261 nuarocmo·

685 2290 982 2399 rivum.

346 2455 518 2549 Crystalli
545 2455 752 2549 speciosae,
781 2455 864 2529 vitri
883 2456 1003 2528 instar
1021 2455 1195 2547 nitentes
1236 2457 1432 2531 decolores

237 2581 458 2675 diaphanae,
483 2582 630 2676 saporis
650 2582 852 2672 subamari,
880 2583 1125 2656 indolentiam
1152 2582 1302 2675 linguae
1331 2584 1433 2657 brevi

237 2716 407 2804 tempore
438 2710 704 2804 persistentem
736 2711 889 2801 cientes,
922 2710 963 2783 in
1001 2732 1111 2803 aqua,
1140 2710 1273 2805 spiritu
1300 2711 1377 2785 vini
1396 2716 1433 2786 et

237 2811 502 2912 chloroformio
530 2838 638 2912 facile
667 2839 859 2929 solubiles
896 2837 1098 2912 reactionis
1135 2839 1211 2911 iere
1250 2840 1432 2929 neutrius,

241 2966 341 3039 1830
363 2987 498 3040 versus
517 2965 779 3059 liquescentes.
897 3005 901 3011 ·

344 3093 388 3167 ln
416 3094 602 3167 solutione
622 3115 779 3185 aquosa,
804 3092 911 3166 acido
936 3091 1222 3186 hydrochlorico
1248 3091 1434 3165 acidulata

237 3220 373 3295 solutio
393 3220 614 3314 hydrargyri
631 3220 826 3293 bichlorati
840 3219 1124 3313 praecipitatum
1140 3219 1279 3304 elbum,
1296 3219 1434 3291 solutio

236 3348 312 3421 iodi
330 3348 614 3441 praecipitatum
632 3349 793 3436 fuscum,
817 3347 956 3421 kalium
979 3346 1306 3439 hydrooxydatum
1329 3366 1435 3440 prae·

238 3475 429 3568 cipitatum
443 3476 582 3564 album,
598 3475 638 3547 in
651 3475 784 3568 spiritu
794 3474 870 3547 vini
885 3479 922 3548 et
935 3474 975 3546 in
990 3473 1141 3547 aethere
1155 3472 1261 3546 facile
1276 3472 1435 3545 solubile

239 3603 362 3690 efficit3
382 3602 421 3675 in
440 3602 626 3676 solutione
647 3623 803 3695 aquosa,
821 3601 927 3675 acido
942 3601 1073 3674 uitrico
1093 3598 1434 3696 acidulatasolutio

238 3728 382 3820 argenti
413 3727 533 3801 nitrici
552 3728 835 3821 praecipitatum
855 3728 981 3800 album
1001 3727 1039 3799 in
1059 3726 1249 3798 ammonia
1277 3725 1436 3799 solubile

239 3856 365 3949 gignit

347 3983 514 4056 Miscella
550 3983 809 4074 inaequalibus
821 3982 991 4075 pmtibus
1003 3980 1154 4054 Cocaini
1163 3979 1437 4073 hydrochlorioi
1555 4045 1560 4076 ,
1616 4057 1619 4068 f

241 4117 277 4185 et
294 4004 550 4220 hydrargyrii

553 4070 868 4252 lfohloratiffimata
882 4131 969 4182 cum
987 4108 1120 4202 spiritu
1133 4107 1210 4180 vini
1223 4108 1438 4181 humectata
1529 4085 1557 4175 1¹¹
1584 4085 1614 4128 '¹

240 4239 425 4330 nigrescit
446 4239 590 4311 Solutio
610 4223 852 4311 concontrala
871 4257 957 4309 cum
991 4240 1096 4328 gutta
1124 4234 1321 4308 solutionis
1350 4233 1437 4306 kalii
1577 4223 1592 4316 ,Ι
1643 4191 1676 4218 *⁴
1802 4231 1811 4244 ⁸

240 4365 573 4460 hypermanganici
611 4366 647 4457 (1
664 4395 712 4428 =
732 4363 824 4454 100)
861 4362 978 4436 mixta
1023 4362 1149 4434 statim
1186 4361 1438 4434 sedimentum

241 4494 616 4588 microcryslallinum
662 4493 870 4566 violaceum
918 4491 1061 4565 cocalni
1107 4489 1438 4583 hypermanganici

243 4622 406 4715 deponit

350 4759 543 4814 Pharmaeopoeo.
777 4719 782 4730 ·
1204 4755 1221 4808 6
