3725 5400
922 489 1159 561 -198-

551 704 686 778 Odon‘s
701 710 760 779 est
773 704 874 780 Gutti
888 726 1034 798 expers,
1052 705 1198 799 sapmis
1209 705 1343 798 ingrati
1360 706 1543 800 peracris;
1555 707 1638 781 sali·

443 852 528 905 vam
545 831 643 905 flavo
664 832 788 905 colore
806 832 951 906 imbuit

550 958 652 1034 Gutti
670 958 826 1033 solvitur
843 981 983 1052 magna
1011 982 1056 1033 ex
1083 964 1189 1054 parte
1216 960 1256 1033 in
1284 960 1416 1054 spiritu
1442 961 1530 1050 vini,
1565 984 1634 1054 pro

441 1091 545 1180 parte
559 1085 599 1161 in
613 1086 776 1178 aethere,
791 1088 917 1181 paullo
931 1088 972 1161 in
986 1109 1096 1181 aqua.
1113 1087 1209 1161 Cum
1223 1108 1324 1180 aqua
1338 1088 1465 1162 tritum
1479 1091 1635 1183 praebet

442 1213 691 1288 emulsionem
726 1215 879 1304 luteam,
922 1236 1020 1308 quae
1064 1236 1135 1309 ope
1172 1214 1409 1309 microscopii
1447 1216 1639 1309 explorata

442 1362 559 1435 grana
595 1341 707 1435 amyli
743 1346 809 1415 aut
845 1341 938 1415 alias
975 1343 1176 1436 particulas
1214 1343 1449 1434 organisatas
1488 1364 1537 1417 ne
1575 1365 1637 1416 ex·

442 1469 578 1542 hibeat

550 1595 645 1670 Cum
662 1596 759 1670 kalio
778 1597 1065 1690 hydrooxydato
1084 1596 1208 1670 soluto
1229 1595 1508 1671 Gummiresina
1533 1598 1633 1671 solu-

440 1723 582 1797 tionem
609 1723 745 1798 eoloris
774 1723 1113 1797 amentiam-rubri
1140 1723 1307 1817 praebet,
1343 1746 1364 1798 e
1393 1745 1469 1818 qua
1506 1724 1633 1798 addito

441 1849 548 1924 acido
567 1849 856 1944 hydroehlorieo
876 1851 1002 1924 resina
1020 1852 1118 1924 flava
1136 1852 1409 1945 praecipitatur.

548 1977 642 2052 Pars
666 1979 682 2052 1
705 1978 841 2052 mercis
865 1998 952 2051 eum
980 1977 1148 2071 partibus
1162 1978 1376 2072 lOspiritus
1394 1978 1471 2051 vini
1491 1977 1638 2071 digesta

347 2118 354 2135 ·
441 2105 668 2179 solutionem
686 2103 948 2179 subturbidam
964 2104 1086 2193 efficit,
1100 2126 1197 2199 quae
1213 2105 1358 2179 adiecto
1374 2106 1473 2180 ferro
1490 2105 1636 2197 sesqui·

442 2232 608 2306 chlorato
633 2233 758 2307 soluto
783 2234 949 2307 colorem
972 2253 993 2306 e
1017 2232 1222 2325 nigricante
1246 2233 1454 2307 olivaceum
1476 2232 1636 2306 exbibet

548 2358 651 2433 Merx
679 2380 728 2433 ne
756 2359 946 2433 contineat
972 2360 1011 2432 in
1042 2361 1118 2433 100
1146 2360 1316 2454 partibus
1353 2361 1481 2434 minus
1521 2382 1635 2454 quam

441 2491 567 2580 partes
592 2486 643 2561 65
673 2486 906 2560 substantiae
929 2487 969 2559 in
993 2487 1125 2580 spiritu
1152 2487 1228 2560 vini
1246 2488 1426 2561 solubilis.
1453 2487 1508 2561 Ne
1527 2487 1635 2561 relin-

444 2617 534 2707 quat
553 2634 573 2686 e
596 2614 672 2687 100
691 2612 860 2708 partibus
879 2614 965 2707 plus
985 2635 1100 2708 quam
1118 2620 1262 2709 partem
1286 2616 1302 2687 1
1328 2615 1473 2689 cineris.

715 2899 1101 3037 Grumbesina
1131 2903 1368 3071 Myrrha.

951 3110 1128 3214 Myrrha.
1399 3099 1402 3108 ’

555 3248 802 3347 Gommiplrore
819 3249 1031 3348 Ahyasinica
1053 3251 1223 3344 Engler,
1254 3252 1367 3325 arbor
1384 3252 1424 3324 in
1443 3252 1636 3326 montibus

441 3376 677 3472 Erythraeae,
698 3378 921 3470 Abyssiniae
942 3384 979 3453 et
996 3378 1157 3453 Arabiae
1176 3378 1351 3453 australis
1370 3379 1561 3471 indigena.

551 3504 697 3579 llassae
724 3507 949 3599 irregulares
977 3505 1168 3599 gibbosae,
1199 3506 1413 3596 tuberosae,
1443 3506 1633 3581 interdurn

441 3632 731 3707 subraeemosae
740 3655 863 3726 usque
874 3634 923 3707 ad
932 3633 1229 3725 magnitudinem
1238 3634 1365 3727 pugni,
1378 3633 1418 3705 in
1433 3634 1630 3727 superficie

440 3760 626 3852 inaequali
672 3783 807 3855 aspera
852 3762 1144 3856 pulverulentae,
1193 3761 1330 3834 eoloris
1384 3759 1525 3852 griseo·
1573 3761 1632 3834 vel

441 3887 865 3980 oehroleueo-subfusci,
908 3893 1088 3983 purgatae
1127 3888 1303 3962 deflendo
1341 3892 1407 3961 aut
1444 3888 1633 3962 abluendo

441 4035 560 4108 aeque
580 4037 624 4090 ae
642 4016 864 4091 infractura
882 4015 1068 4090 conchata
1085 4014 1271 4108 pinguiter
1290 4014 1465 4104 nitentes,
1496 4015 1632 4088 eoloris

439 4142 660 4236 plerumque
688 4144 894 4237 aequabilis
922 4141 1236 4230 subrubra-fusci,
1269 4141 1459 4214 interdum
1487 4141 1629 4215 albidu-

440 4271 647 4344 maeulatae
685 4276 750 4345 aut
784 4270 892 4345 venis
936 4269 1069 4343 albidis
1111 4269 1299 4358 traiectae,
1337 4268 1377 4343 in
1413 4269 1633 4360 fragmentis

439 4397 614 4470 tenuibus
632 4398 840 4490 pellucidae
869 4402 935 4470 aut
954 4395 1245 4489 subpellucidae,
1268 4396 1507 4484 subtenaceS,
1528 4395 1632 4469 haud

438 4522 544 4596 facile
580 4524 846 4617 pulverandae,
885 4524 1077 4617 pulverem
1114 4523 1487 4596 laete-aurantiaeum
1525 4543 1631 4616 prae·

439 4648 582 4723 benteS.
