3725 5400
927 462 1165 558 -1114-

304 772 306 779 ,
447 698 612 775 chlorion
640 699 719 774 sive
756 700 936 775 sulfurico
970 702 1105 793 exiguo
1133 703 1286 777 residuo
1315 702 1443 777 relicto
1471 701 1643 790 solvitur;

446 828 722 922 hydrogenium
741 826 853 902 simul
872 827 1055 902 emissum
1073 828 1242 903 chartam
1261 829 1439 919 bibulam,
1456 829 1644 904 solutione

446 954 590 1049 plumbi
612 955 742 1030 acetioi
759 955 1026 1046 humectatam,
1050 977 1099 1030 ne
1127 956 1254 1030 statim
1272 957 1397 1031 colore
1426 956 1644 1031 obscuriore

445 1083 594 1157 inficiat
617 1083 722 1157 Haec
754 1083 893 1157 solutio
927 1088 1084 1157 etcum
1115 1102 1255 1176 magno
1292 1083 1484 1158 volumine
1521 1103 1643 1176 aquae
1791 1148 1794 1153 .

445 1208 563 1284 diluta
590 1209 735 1284 adiecta
762 1208 951 1284 solutione
989 1209 1074 1283 kalii
1092 1209 1337 1303 ,ferricyanati
1360 1209 1644 1304 praecipitatum

445 1336 593 1411 intense
612 1338 829 1411 caeruleum
846 1337 1032 1411 exhibeat.

554 1464 698 1539 Solutio
735 1464 1024 1559 hydrochlorice
1072 1485 1144 1539 nec
1190 1485 1292 1558 aqua
1336 1464 1644 1559 hydrosullurata

446 1591 612 1666 colorem
625 1592 780 1684 recipiat
792 1591 1050 1683 nigricantem,
1070 1612 1151 1682 nec,
1165 1596 1370 1704 postquam
1383 1593 1525 1667 ferrum
1534 1590 1642 1664 acido

443 1718 575 1793 uitrico
603 1719 810 1812 oxydatum
837 1721 875 1792 et
901 1717 1092 1793 ammonia
1111 1719 1336 1801 abundante
1360 1718 1643 1812 praecipitatum

443 1845 563 1939 buerit,
581 1847 767 1940 liquorem
785 1847 975 1940 praebeat,
1003 1845 1069 1939 qui
1094 1846 1254 1921 filtratus
1283 1845 1473 1920 ammonio
1502 1844 1640 1937 hydro·

444 1974 628 2048 sulfurato
647 1974 830 2047 turbetur.

552 2100 854 2193 Decigrammata
876 2099 899 2173 1
923 2098 1029 2173 Ferri
1050 2099 1233 2194 pulverati
1255 2105 1295 2174 et
1314 2099 1402 2173 kalii
1424 2098 1576 2173 chlorici
1602 2098 1643 2170 10

444 2227 546 2302 fictili
563 2229 802 2323 porcellaneo
822 2249 909 2301 cum
932 2227 1159 2301 centimetris
1183 2226 1325 2300 cubicis
1346 2226 1369 2299 1
1389 2225 1486 2300 acidi
1503 2226 1641 2318 hydro·

445 2355 596 2429 chlo1ici
627 2356 743 2430 mixta
772 2359 925 2448 peracta
957 2355 1144 2428 reactione
1173 2354 1213 2427 in
1240 2354 1375 2427 balneo
1405 2373 1527 2447 aquae
1556 2371 1640 2426 eva·

442 2488 640 2577 porantur;
664 2483 857 2558 residuum
875 2482 915 2555 in
935 2482 1160 2555 centimetris
1180 2481 1320 2555 cubicis
1341 2481 1364 2554 1
1385 2481 1481 2555 acidi
1504 2478 1640 2572 hydro·

444 2608 597 2683 chlorici
615 2611 782 2684 solutum
801 2614 838 2683 et
855 2608 1036 2682 1111101001
1054 2609 1190 2682 additis
1210 2608 1437 2683 centimetrls
1452 2607 1593 2682 cubicis
1614 2607 1637 2679 3

442 2736 640 2811 solutionis
651 2737 776 2810 stanni
787 2737 943 2810 chlorati
951 2737 1048 2810 inter
1056 2737 1192 2811 horam
1201 2737 1367 2810 colorem
1381 2736 1640 2810 obscuriorem

444 2884 494 2937 ne
513 2864 680 2957 accipiat.

552 2990 729 3064 Gramma
755 2991 858 3064 Ferri
883 2990 1068 3083 pulverati
1084 2990 1124 3064 in
1151 2989 1377 3064 centimetris
1406 2989 1546 3064 cubicis
1572 2990 1639 3062 cir·

444 3118 597 3193 0110150
613 3119 707 3192 acidi
722 3117 888 3192 sulfurici
903 3117 1009 3191 diluti
1022 3118 1190 3207 solvitur,
1207 3118 1343 3192 solutio
1359 3118 1408 3191 ad
1423 3116 1641 3191 centimetra

442 3247 575 3320 cubica
593 3247 668 3319 100
683 3245 842 3318 diluitur.
861 3245 983 3319 Huius
998 3244 1196 3319 solutionis
1211 3244 1429 3318 centimetra
1442 3245 1576 3318 cubica
1589 3245 1637 3317 lll

443 3393 530 3446 cum
545 3373 730 3447 solutione
740 3372 826 3445 110111
835 3372 1167 3465 hypermanganici
1177 3373 1212 3462 (l
1230 3402 1278 3437 =
1295 3372 1648 3462 1000100000,-

443 3501 566 3574 donec
583 3500 711 3574 mixtio
730 3500 930 3573 rubefierit
967 3499 1133 3574 Miscella
1151 3520 1223 3573 sua
1241 3503 1377 3592 sponte
1399 3500 1460 3573 vel
1483 3498 1638 3573 adiectis

443 3628 635 3702 nonnullis
651 3627 763 3720 guttis
779 3627 1017 3721 spiritusvini
1032 3627 1257 3706 decolorata,
1268 3625 1404 3700 additis
1420 3626 1633 3717 grammiab

441 3754 528 3828 kalii
554 3754 669 3828 iodati
696 3776 765 3850 per
792 3755 927 3828 horam
954 3755 994 3828 in
1011 3775 1102 3827 vase
1132 3754 1261 3827 clauso
1295 3752 1462 3847 seposita
1486 3752 1638 3827 minime

443 3884 661 3956 centimetra
698 3882 830 3956 cubica
870 3884 957 3956 lla
1002 3882 1201 3957 solutionis
1243 3880 1354 3955 001111
1390 3879 1638 3954 tbiosulfurici

443 4010 705 4084 decinormalis
726 4015 915 4102 exposcat,
935 4014 978 4083 ut
995 4009 1126 4083 iodum
1145 4009 1344 4082 bberatum
1362 4007 1549 4098 iungatur.

768 4298 992 4433 lenm
1026 4295 1319 4432 reductum.

550 4518 676 4593 Pulvis
705 4542 726 4594 0
756 4519 905 4594 cinereo
938 4518 1137 4611 nigricans,
1161 4517 1291 4591 nitoris
1311 4538 1458 4610 expers,
1479 4537 1637 4610 pressus

441 4645 580 4720 metalli
612 4647 852 4741 splendorem
902 4646 1098 4739 recipiens
1137 4649 1312 4736 magnete
1353 4643 1561 4733 attrahitur,
1600 4643 1640 4717 in
