3725 5400
706 470 948 543 -317-

230 688 429 761 subtilibus
461 691 644 775 notatum,
678 687 718 760 in
735 679 851 760 latere
871 685 1020 760 carinae
1054 684 1218 760 corticali
1249 685 1424 779 opposito

228 816 449 910 plerumque
467 819 682 888 truncatum
702 818 768 887 aut
786 813 965 888 excisum.
1231 817 1232 820 ‘

338 941 418 1036 Ope
455 940 693 1035 microscopii
726 941 945 1015 observabis
964 940 1004 1014 in
1037 940 1276 1034 endophloeo
1295 940 1424 1014 radios

228 1069 455 1143 medullares
473 1067 725 1162 pluriseriales
746 1073 783 1143 et
799 1067 927 1142 radios
946 1067 1042 1156 libri,
1068 1067 1132 1162 qui
1151 1071 1193 1141 ut
1224 1067 1319 1141 radii
1335 1066 1426 1160 ligni

229 1217 368 1288 magna
401 1202 583 1290 exparte
618 1195 817 1287 compositi
850 1198 941 1269 sunt
959 1216 979 1268 e
999 1195 1142 1269 cellulis
1165 1193 1424 1269 hisiiormibus

229 1322 675 1417 subprosenchymaticis,
688 1323 911 1396 membrana
927 1321 1030 1415 poris
1049 1322 1352 1396 rimaeiormibus
1370 1322 1425 1395 in»

230 1453 372 1523 structa
391 1454 456 1522 aut
474 1448 658 1544 spiraliter
690 1454 756 1523 aut
773 1448 994 1523 reticulatim
1010 1431 1231 1523 incrassata„
1265 1447 1425 1541 lignum

230 1576 380 1649 exhibet
401 1574 574 1650 tracheas
599 1575 762 1650 articulis
787 1575 1007 1668 generaliter
1029 1575 1205 1650 brevibus
1224 1574 1423 1650 iusiformi·

228 1704 312 1792 bus,
349 1703 569 1777 membrana
604 1704 975 1799 areolato-punctala
1019 1704 1181 1778 Cellulae
1217 1703 1425 1798 parenchy·

229 1832 339 1905 matis
373 1836 410 1904 et
429 1830 577 1905 corticis
610 1836 648 1905 et
665 1832 756 1924 ligni
778 1833 942 1927 repletae
962 1837 1052 1905 sunt
1078 1851 1209 1905 massa
1240 1831 1426 1924 amorpha

228 1960 466 2049 flavescente,
502 1959 652 2032 solubili
677 1982 746 2054 pro
775 1963 880 2053 parte
903 1960 944 2032 in
963 1959 1094 2053 spiritu
1115 1958 1199 2049 vini,
1220 1980 1359 2052 magna
1378 1980 1424 2033 ex

229 2086 386 2180 partein
407 2107 506 2179 aqua
519 2085 655 2160 relictis
671 2086 783 2178 guttis
800 2085 1037 2160 decoloribus
1052 2085 1202 2175 elensis,
1218 2085 1258 2159 in
1272 2086 1424 2159 aethere

231 2214 453 2288 solubilibus
460 2237 468 2302 ;
508 2214 693 2287 solutione
725 2213 813 2287 kalii
843 2211 1117 2308 hydrooxydati
1149 2234 1279 2287 massa
1298 2214 1422 2287 colore

229 2342 325 2416 belle
344 2341 441 2415 ssavo
461 2341 626 2415 solvitur.
645 2341 779 2431 Amylo
793 2341 917 2416 Radix
936 2347 1046 2415 caret

338 2469 510 2542 Infusum
528 2468 680 2543 Radicis
696 2490 895 2562 aquosum,
912 2470 1044 2561 frigide
1063 2474 1237 2563 paratum
1251 2468 1425 2543 exhibeat

229 2598 414 2690 liquorem
432 2595 629 2688 limpidum
651 2596 787 2670 coloris
803 2596 918 2687 aurei,
934 2596 1000 2689 qui
1015 2595 1142 2669 addito
1160 2597 1258 2669 ferro
1278 2596 1422 2689 sesqui-

231 2725 398 2799 chlorato
418 2724 543 2798 soluto
556 2725 747 2798 violaceus
767 2724 914 2813 eredat;
936 2730 1232 2817 conquassatum
1247 2744 1423 2817 spumam

232 2852 426 2946 copiosam
449 2851 634 2946 producit.

343 2979 418 3052 100
437 2982 565 3072 partes
584 2979 720 3052 mercis
739 2999 788 3052 ne
816 2978 902 3073 plus
936 3000 1051 3072 quam
1079 2984 1205 3072 partes
1231 2978 1254 3051 5
1288 2978 1422 3053 cineris
1502 2983 1509 3001 “

231 3107 453 3198 relinquant.

584 3393 760 3528 Radix
790 3394 1069 3528 Taraxaoi.

344 3615 563 3688 Taracocum
582 3614 757 3709 officiante
773 3615 871 3689 ride:
891 3615 997 3689 Folia
1016 3616 1208 3689 Taraxaci.

337 3743 459 3817 Radix
472 3744 668 3836 multiceps
684 3742 1104 3836 cylindrico·iusiformis
1124 3764 1293 3833 ramosa,
1308 3764 1423 3816 succo

229 3871 348 3944 lacteo
368 3874 531 3959 scatens
552 3870 691 3944 siccata
709 3870 828 3961 rigida
844 3872 1008 3944 fractura
1023 3871 1181 3964 aequali,
1202 3872 1423 3965 plerumque

233 3980 335 4070 1-'a
370 3998 587 4071 centimetra
620 4018 761 4087 crassa,
800 4003 908 4070 extus
940 3999 1058 4089 fusca,
1110 3997 1424 4089 longitudinaliter

230 4146 361 4217 grosse
379 4147 530 4219 rugosa

337 4253 381 4327 ln
419 4253 584 4326 sectione
622 4258 840 4327 transversa
878 4260 1034 4348 apparet
1078 4253 1222 4346 lignum
1260 4254 1422 4328 centrale

229 4379 412 4469 citrinum,
456 4379 605 4453 orificiis
637 4401 818 4453 rasorum
845 4403 1027 4474 porosum
1070 4401 1194 4474 neque
1227 4379 1423 4470 radiatum,

230 4507 365 4580 cortice
399 4507 474 4580 lato
509 4506 607 4596 albo,
640 4508 747 4581 lineis
782 4508 899 4582 hiscis
934 4508 1179 4583 concentricis
1212 4504 1422 4580 tenerrimis

231 4633 406 4707 confertis
427 4638 560 4707 ornato
581 4634 864 4709 circumdatum.
