3725 5400
520 639 664 729 spiritus
683 641 760 711 Viri

518 768 631 855 Aquas
1244 748 1292 841 εἶα
1304 767 1472 865 patlibus
1540 771 1606 846 is.

482 890 631 984 Sepone
650 892 690 966 in
708 912 799 967 vase
817 898 916 967 tecto
935 914 1003 987 per
1019 894 1136 969 horas
1158 897 1193 969 3.

482 1018 680 1093 Caeterum
707 1027 860 1113 paretur
890 1027 934 1094 ut
961 1027 1167 1097 extractum
1196 1022 1309 1099 Colae
1341 1024 1508 1116 fluidum,
1536 1026 1606 1100 sed

412 1146 460 1220 ad
481 1148 749 1221 extractionem
767 1149 892 1241 recipe
911 1149 1158 1224 miscellame

519 1275 663 1365 Spiritus
682 1277 758 1346 Vini

516 1403 629 1490 Aquae
1143 1383 1191 1476 ud
1204 1402 1371 1500 partibus
1390 1402 1604 1501 aequalibus.

518 1526 734 1602 Extractum
760 1528 928 1603 Rhamni
959 1528 1161 1604 Purshiani
1193 1530 1244 1605 sit
1269 1532 1391 1625 liquor
1417 1531 1604 1625 limpidus,

410 1652 545 1725 coloris
575 1654 733 1729 obscure
761 1656 998 1747 lusco-rubri,
1040 1659 1240 1732 reactionis
1286 1659 1466 1749 neutrius,
1512 1679 1605 1751 pon·

410 1779 509 1853 deris
530 1782 692 1874 specifici
717 1784 965 1873 1·03-i·07‚
986 1787 1133 1877 saporis
1153 1786 1354 1859 subamari.

518 1906 692 1981 Solvatur
724 1908 875 2003 limpide
908 1911 948 1983 in
981 1932 1093 2003 aqua;
1128 1912 1258 1986 addita
1289 1911 1476 1985 solutione
1511 1911 1605 1984 acidi

407 2034 548 2107 tannici
567 2035 850 2129 praecipitatum
870 2037 1005 2110 coloris
1023 2038 1119 2111 fusci
1138 2039 1318 2113 demittat

520 2163 595 2234 100
614 2162 775 2237 Extracii
801 2169 929 2256 partes
959 2170 1184 2258 evaporatae
1212 2166 1261 2239 ad
1291 2167 1431 2239 siccum
1450 2165 1602 2259 munima

409 2289 614 2380 praebeant
631 2296 758 2383 partes
780 2291 831 2363 bO
849 2291 998 2365 residui.

760 2615 1072 2750 Extractus
1108 2614 1259 2749 llbei.

407 2833 483 2928 Rp:
516 2837 649 2908 morea
668 2837 803 2917 sisio
1343 2841 1469 2933 paras
1557 2837 1604 2908 10
1709 2811 1715 2824 '

518 2964 662 3054 Spiritus
681 2965 758 3036 viri
1346 2968 1469 3059 partes
1553 2962 1604 3034 bo

515 3094 628 3180 Aquae
1345 3095 1470 3187 parles
1540 3090 1604 3163 30.

480 3216 628 3291 Macera
645 3240 712 3310 per
732 3219 783 3291 24
810 3218 925 3292 horas
945 3219 1099 3312 saepius
1119 3219 1306 3311 agitando,
1324 3224 1406 3294 tum
1431 3218 1605 3311 exprime.

407 3342 695 3418 Remaneniiam
728 3345 875 3438 aequali
907 3347 1022 3420 modo
1055 3352 1176 3421 tracta
1204 3367 1290 3420 cum
1319 3346 1472 3420 dimidia
1498 3350 1606 3440 parte

406 3470 595 3544 miscellae
623 3472 867 3564 supradictae.
905 3474 1087 3567 Liquores
1115 3474 1337 3547 commixtos
1373 3494 1515 3566 sepone
1538 3494 1607 3565 per
1676 3537 1679 3542 ,

406 3597 573 3690 biduum,
594 3599 700 3690 filtra
720 3600 944 3674 destillando
964 3600 1082 3674 libera
1100 3622 1124 3673 a
1142 3601 1274 3694 spiritu
1292 3601 1368 3674 vini
1385 3606 1422 3674 et
1443 3620 1607 3692 evapora

407 3723 446 3797 in
465 3723 600 3797 balneo
621 3746 741 3818 aquae
762 3726 810 3799 ad
829 3726 1111 3800 consistentiam
1131 3727 1282 3800 extracti
1302 3726 1399 3800 sicci.

515 3850 731 3926 Extractum
749 3852 848 3926 Rhei
884 3853 932 3927 sit
964 3853 1087 3946 pulvis
1107 3851 1168 3924 vel
1185 3874 1318 3926 massa
1337 3850 1471 3926 coloris
1490 3852 1605 3924 flavo·

406 3977 511 4068 fusci,
544 3981 671 4054 odoris
700 3982 923 4074 saporisque
950 3981 1091 4074 proprii
1117 3981 1253 4054 radicis
1286 3981 1394 4053 Rhei.
1432 3980 1607 4053 Solvatur

405 4106 551 4180 turbide
570 4109 609 4180 in
629 4130 739 4202 aqua.

515 4234 657 4310 Solutio
677 4236 841 4310 Extracii
861 4257 1016 4328 aquosa,
1037 4235 1183 4309 adiecta
1203 4235 1394 4308 ammonia
1421 4233 1607 4327 liquorem

407 4361 541 4434 coloris
580 4359 778 4453 sanguinei
816 4362 1000 4454 exhibeat,
1048 4361 1111 4454 qui
1156 4361 1283 4435 addito
1322 4361 1430 4435 acido
1468 4359 1605 4453 hydro·

407 4486 571 4562 chlorico
600 4490 886 4582 praecipitatum
913 4489 1120 4561 floccosum
1149 4487 1285 4562 culmis
1304 4488 1391 4561 flavi
1408 4488 1603 4581 producat
