3725 5400
732 499 778 509 .-
811 457 945 530 65...

345 677 473 753 Pulvis
493 675 733 770 crystallinus
759 675 879 761 albus
902 673 1008 762 levia,
1033 672 1073 745 in
1092 692 1192 761 aqua
1209 670 1434 763 insolubilis

235 810 274 881 in
294 806 401 880 acido
431 804 569 879 acetico
593 803 725 896 frigido
746 802 957 890 difficulter,
991 800 1031 873 in
1064 798 1192 889 acidis,
1229 805 1266 873 et
1298 800 1435 894 hydro·

236 934 399 1008 chlorico
434 936 470 1005 et
502 931 633 1005 uitrico
668 930 793 1003 dilutis
828 928 909 1002 sine
939 926 1221 1001 effervescentia
1260 933 1436 1021 prompte

237 1060 416 1136 solubilis.

345 1186 487 1262 Solutio
508 1206 655 1278 aquosa
674 1182 788 1257 Calcii
815 1181 1072 1276 phosphorici,
1103 1203 1174 1275 ope
1195 1180 1291 1255 acidi
1310 1181 1438 1255 acetici

237 1314 342 1389 diluti
361 1314 530 1388 coctione
546 1317 677 1407 parata
697 1309 732 1407 (1
744 1342 793 1375 =
805 1309 886 1406 lo),
908 1308 1036 1382 addita
1056 1308 1242 1383 solutione
1259 1310 1436 1383 ammonii

237 1440 369 1515 oxalici
389 1440 642 1514 sedimentum
662 1438 790 1511 album
811 1436 976 1511 demittit.

347 1566 512 1640 Calcium
557 1565 856 1659 phosphoricum
899 1562 1088 1636 solutione
1131 1563 1275 1656 argenti
1316 1564 1436 1639 nitrici

235 1695 494 1768 humectatum
514 1694 680 1766 colorem
698 1692 839 1764 flavum
856 1689 991 1763 induit.

345 1820 487 1894 Solutio
526 1841 597 1913 ope
635 1818 731 1893 acidi
778 1817 898 1891 nitrici
936 1823 1069 1911 parata
1116 1839 1204 1892 cum
1250 1819 1437 1894 solutione

237 1948 379 2041 argenti
415 1946 535 2021 uitrici
572 1947 688 2020 mixta
725 1952 762 2020 et
809 1949 917 2019 caute
966 1946 1156 2018 ammonia
1193 1948 1438 2021 neutralisata

235 2074 520 2169 praecipitatum
538 2095 640 2147 mere
659 2074 800 2147 flavum
819 2072 1009 2166 praebeat,
1031 2073 1132 2166 quod
1153 2096 1254 2165 aqua
1266 2075 1386 2148 lotum
1402 2081 1439 2149 ct

236 2203 276 2276 in
290 2201 492 2274 excedente
509 2200 701 2274 ammonia
716 2199 805 2272 etin
822 2199 928 2272 acido
944 2198 1076 2272 nitrico
1090 2199 1240 2294 limpide
1257 2201 1436 2275 solvatur.

344 2326 506 2401 Mixtura
544 2349 564 2400 e
598 2332 804 2419 grammate
834 2325 947 2399 Calcii
975 2325 1222 2419 phosphorici
1247 2332 1284 2401 et
1326 2330 1438 2402 centi-

238 2454 367 2528 metn's
396 2454 536 2528 cubicis
568 2454 590 2527 3
621 2454 818 2527 solutionis
849 2452 976 2526 stanni
1000 2453 1156 2527 chlorati
1184 2454 1281 2528 inter
1303 2456 1438 2529 horam

240 2582 402 2654 colorem
422 2581 681 2654 obscuriorem
699 2601 747 2652 ne
768 2580 935 2674 accipiat.

349 2708 526 2783 Gramma
546 2709 658 2782 Calcii
676 2707 922 2801 phosphorici
938 2730 1025 2781 cum
1044 2710 1221 2800 grammis
1249 2710 1299 2783 lo
1316 2733 1436 2804 aquae

239 2840 535 2929 conquassatum
549 2836 729 2908 filtratum
747 2835 937 2929 praebeat
958 2836 1061 2927 quod
1081 2836 1310 2911 acidulatum
1329 2838 1436 2912 acido

238 2962 377 3036 acetico
398 2962 585 3037 solutione
605 2962 710 3054 baryi
729 2961 850 3035 uitrici
867 2983 915 3035 ne
935 2967 1110 3036 mutetur.

347 3089 492 3163 Solutio
521 3111 681 3182 aquosa,
715 3111 785 3182 ope
816 3089 911 3163 acidi
939 3090 1059 3163 nitrici
1087 3097 1217 3184 parata
1246 3094 1436 3183 (1:20)

239 3238 325 3291 cum
353 3215 541 3290 solutione
571 3216 715 3309 argenti
743 3216 862 3289 nitrici
894 3223 984 3310 post
1016 3218 1161 3292 minuta
1191 3219 1213 3292 l
1246 3241 1437 3293 summum

238 3344 429 3437 opalescat
474 3349 511 3418 et
544 3343 736 3417 ammonia
770 3343 919 3417 abunde
954 3344 1083 3418 addita
1121 3366 1207 3419 cum
1248 3346 1437 3420 ammonio

239 3471 423 3545 sulfurato
443 3469 695 3542 sedimentum
713 3491 814 3544 mere
834 3470 962 3543 album
982 3471 1127 3546 efficiat.

346 3597 478 3671 Partes
501 3597 577 3669 100
600 3595 711 3670 Calcii
731 3597 973 3690 phosphorici
999 3598 1135 3689 ignitae
1155 3621 1203 3672 ne
1217 3600 1304 3693 plus
1326 3622 1440 3693 quam

238 3728 365 3817 partes
387 3723 474 3797 lbi
494 3723 672 3816 ponderis
691 3724 859 3815 perdant

442 4009 673 4143 (lalcinn
703 4010 1014 4146 sullmicnn
1043 4021 1238 4148 usion.

347 4229 476 4304 Pulvis
497 4231 704 4323 amorphus
727 4232 847 4306 albus.

347 4356 440 4432 Pars
478 4359 495 4430 1
534 4357 647 4430 Calcii
685 4359 850 4433 sulfurici
887 4361 964 4443 usti
996 4368 1101 4454 parte
1131 4361 1283 4436 dimidia
1318 4384 1440 4454 aquae

239 4490 450 4578 temperata
466 4484 563 4559 inter
581 4484 726 4558 minuta
747 4485 769 4558 5
791 4487 975 4560 durescat

351 4609 529 4685 Servetur
546 4612 585 4684 in
603 4612 688 4685 loco
708 4612 819 4686 sicco.

351 4747 546 4805 Pharmncopoca.
1206 4756 1224 4808 5
