3725 5400
917 489 1152 562 -nal-

548 706 695 781 Kalium
719 708 960 782 carbonicum
984 708 1127 782 siccum
1152 708 1340 781 contineat
1360 706 1399 781 in
1424 708 1499 781 100
1523 707 1631 801 pani·

440 834 513 909 bus
546 833 743 910 minimum
775 840 902 929 partas
936 835 1026 910 99·5
1055 835 1141 909 balii
1175 835 1374 925 carbonici,
1405 839 1632 930 quapropter

441 961 732 1055 decigrammala
751 962 775 1036 5
791 962 883 1036 salis
901 963 1063 1056 perlecto
1083 964 1211 1037 siccati
1229 963 1278 1037 ad
1297 963 1492 1036 minimum
1521 962 1632 1035 conti·

439 1093 560 1163 mctra
579 1090 711 1165 cubica
732 1089 794 1164 ll
816 1090 1014 1165 solutionis
1034 1090 1319 1165 alcalimetricae
1344 1089 1524 1166 normalis
1544 1109 1631 1163 con·

439 1220 604 1306 sumant,
617 1210 666 1290 ‘ut
682 1218 843 1311 perfecte
864 1223 1090 1292 saturentur.

547 1343 724 1419 Servetur
743 1346 782 1418 in
801 1366 891 1419 vase
911 1346 1049 1440 optime
1070 1346 1209 1419 clauso.

764 1668 975 1804 Kaliun
1003 1669 1306 1803 clloricun.

549 1890 718 1985 CryslaIli
749 1891 960 1964 lamellaras
998 1892 1057 1964 vel
1093 1891 1385 1965 tabulaeformes
1424 1892 1629 1980 decolores,

440 2020 518 2094 sivo
555 2019 677 2113 pulvis
716 2019 825 2092 albus
862 2020 1110 2111 crystallinus,
1150 2019 1189 2092 in
1234 2021 1280 2093 16
1310 2020 1478 2113 partibus
1512 2041 1631 2112 aquae

439 2145 605 2238 frigidae,
640 2147 678 2220 in
712 2146 735 2219 0
770 2167 891 2238 aquae
924 2144 1123 2235 bullientis
1157 2147 1196 2219 in
1230 2148 1360 2240 spiritu
1392 2146 1466 2219 vini
1499 2168 1631 2240 parum

439 2274 623 2363 solubilis;
659 2297 744 2349 cum
773 2274 881 2348 acido
914 2274 1201 2367 hydrocblorico
1231 2276 1432 2349 calefactus
1462 2276 1631 2349 chiorum

440 2401 581 2490 emitlll,
620 2403 810 2475 flammam
830 2423 964 2495 parum
982 2403 1170 2475 lucentem
1190 2404 1313 2476 colore
1328 2404 1494 2475 violaceo
1509 2402 1632 2476 inficit

549 2529 691 2603 Solutio
703 2530 918 2620 grammalis
930 2528 1070 2601 dimidii
1081 2528 1173 2602 Kalii
1185 2528 1336 2602 chlorici
1347 2529 1383 2601 in
1396 2529 1631 2620 graminile

441 2677 573 2750 aquae,
608 2656 806 2730 reactionis
846 2656 1026 2745 neutrius,
1065 2677 1135 2730 nec
1179 2676 1278 2749 aqua
1315 2655 1630 2750 hydrosullurata,

441 2806 510 2859 ncc
548 2785 737 2858 ammonio
780 2785 975 2873 sulfurato,
1024 2805 1094 2857 nec
1132 2784 1320 2857 ammonio
1359 2785 1514 2870 oxalico,
1562 2805 1632 2858 nec

440 2913 557 3006 baryo
577 2912 720 3001 nitricO,
742 2934 812 2986 nec
832 2917 987 3004 argento
1007 2913 1138 2985 nitrico
1158 2916 1330 2984 mutetur.

550 3040 727 3114 Gramma
763 3039 855 3112 Kalii
902 3039 1054 3112 chlorici
1103 3061 1188 3112 cum
1227 3039 1453 3112 continebis
1492 3038 1632 3113 cubicis

442 3170 464 3243 5
499 3167 608 3241 nabii
639 3166 914 3260 hydrooxydati
943 3167 1054 3240 soluti
1090 3172 1127 3239 ct
1158 3167 1245 3239 ferri
1271 3167 1451 3260 pulverati
1483 3170 1520 3240 et
1539 3165 1633 3239 zinci

440 3295 622 3389 pulverati
669 3315 743 3368 ana
785 3299 989 3386 grammate
1038 3295 1258 3367 calefactum
1311 3294 1539 3367 ammoniam
1584 3313 1633 3367 ne

440 3423 596 3497 amalec

687 3673 894 3808 llaliun
922 3673 1397 3845 lylrooxylatun.

547 3893 683 3969 Frusta
702 3897 915 3988 crystallina
936 3896 1031 3984 alba,
1054 3897 1112 3968 val
1132 3896 1253 3969 bacilli
1273 3897 1462 3989 cylindiici
1482 3897 1632 3989 crystal-

440 4023 504 4095 lini
537 4022 621 4110 albi,
653 4023 752 4111 sicci,
785 4023 878 4113 duri,
905 4022 1013 4096 valde
1038 4023 1210 4108 caustici;
1229 4025 1267 4096 in
1287 4032 1374 4098 abre
1393 4023 1632 4112 humescunt,

440 4150 479 4222 in
499 4170 597 4244 aqua
616 4150 786 4224 facillime
808 4152 998 4225 solubiles

549 4276 691 4350 Solulio
727 4299 883 4369 aquosa,
919 4279 1119 4352 reactionis
1153 4279 1342 4367 alcalinae,
1373 4279 1436 4351 lilo
1470 4279 1632 4372 plalinco

439 4404 612 4477 flammae
632 4405 781 4478 admota
803 4407 902 4479 banc
922 4408 1047 4479 colore
1069 4406 1235 4478 violaceo
1256 4406 1380 4478 inficit.

547 4531 694 4604 Kaliurn
712 4532 1040 4625 hydrooxydatum
1059 4534 1097 4607 in
1117 4533 1275 4625 decuplo
1294 4532 1461 4624 pondere
1482 4533 1633 4627 spiritus

440 4657 515 4731 vini
535 4657 639 4732 diluti
658 4680 702 4731 ex
721 4659 866 4752 integro
886 4661 964 4734 lere
984 4662 1160 4734 solvatur.
1187 4659 1412 4735 Cenlimeba
1430 4661 1560 4736 cubica
1586 4664 1633 4735 lo
