3725 5400
742 521 980 596 -ool-

369 741 496 815 Herba
532 739 666 814 florida
697 739 837 814 siccata
879 740 1040 814 discissa
1077 739 1188 813 nobis
1227 739 1384 814 advecta
1420 742 1458 813 in
1606 806 1609 813 .

263 868 445 963 placentis
491 867 600 942 valde
648 866 876 960 compressis
916 866 1282 960 quadrangularibus
1329 868 1460 941 charta

262 996 438 1071 involutis
458 995 564 1068 caule
593 995 954 1087 sulcato-anguloso,
983 994 1081 1068 foliis
1113 994 1265 1068 alternis
1286 996 1458 1087 oblongis

264 1128 329 1198 aut
347 1123 480 1212 ovatiS,
510 1122 706 1197 sessilibus
730 1121 791 1195 vel
809 1121 970 1196 breviter
988 1121 1185 1214 petiolatis,
1215 1122 1460 1215 inaequaliter

140 1341 150 1349 .
263 1250 587 1325 menam-serratis
615 1249 920 1343 pubescentibus,
949 1247 1106 1322 floribus
1133 1249 1259 1343 parvis
1291 1250 1330 1323 in
1358 1271 1459 1324 race-

263 1400 368 1452 mum
386 1376 597 1450 secundum
629 1376 808 1450 foliosum
834 1376 1070 1451 terminalem
1094 1376 1298 1469 dispositis,
1320 1377 1460 1450 corolla

264 1505 475 1580 sublabiata
511 1505 646 1599 pallide
687 1504 869 1594 caerulea,
903 1504 1019 1577 limbo
1053 1504 1371 1599 quinque-partito
1398 1506 1459 1579 vix

263 1633 387 1726 calyce
409 1633 588 1725 longiore.

373 1759 558 1853 Capsulae
581 1758 742 1848 inflatae,
772 1758 811 1832 in
839 1780 962 1832 merce
992 1779 1244 1852 compressae,
1279 1758 1459 1832 ovoideae

264 1887 573 1976 decemcostatae,
603 1886 746 1959 circiter
775 1885 798 1959 5
827 1885 1038 1963 millimetra
1064 1885 1212 1978 longae,
1236 1885 1459 1960 biloculatae

262 2014 525 2108 polyspermae
558 2012 765 2086 seminibus
796 2012 912 2086 fuscis
940 2012 1067 2106 parvis
1099 2012 1295 2107 superficie
1327 2013 1459 2087 reticu-

262 2140 564 2230 lato-foveolatts,
599 2139 805 2233 pericarpio
834 2140 1033 2213 chartaceo
1062 2143 1171 2213 extus
1203 2140 1460 2215 ssavoiusces-

112 2290 114 2295 ’
265 2274 370 2343 cente
389 2268 497 2342 facile
516 2268 756 2361 reperiendae
777 2273 874 2341 sunt

373 2395 525 2489 Saporis
559 2398 618 2468 est
644 2394 771 2469 Herba
797 2393 973 2469 Lobeliae
1000 2393 1104 2467 initio
1134 2393 1278 2485 debilis,
1307 2395 1460 2471 demum

262 2524 436 2619 peracris

370 2649 497 2725 Pulvis
536 2649 681 2724 subtilis
719 2648 867 2723 Herbae
905 2648 1080 2723 Lobeliae
1120 2671 1191 2744 ope
1224 2650 1460 2746 microscopii

263 2779 499 2854 examinatus
515 2777 665 2851 exhibet
678 2777 860 2871 imprimis
874 2777 1076 2871 particulas
1087 2776 1325 2871 epidermidis
1340 2783 1458 2853 testae

263 2907 417 2980 seminis
446 2904 626 2980 ecellulis
645 2908 775 2998 penta·
803 2907 869 2977 aut
886 2904 1096 2996 hexagonis
1126 2925 1331 2999 earumque
1359 2905 1456 2998 frag-

262 3039 391 3107 menta
412 3033 634 3106 membrana
666 3052 797 3105 crassa
828 3031 1054 3104 fusco-flava
1082 3032 1155 3105 sub
1182 3031 1305 3105 forma
1333 3034 1460 3125 anguli

261 3161 419 3234 infracta
451 3164 516 3233 aut
548 3159 733 3249 flexuosa3
784 3158 986 3252 particulas
1021 3157 1236 3253 endocarpii
1268 3180 1288 3234 e
1317 3160 1458 3234 cellulis

263 3287 628 3380 solerenchymaticis
672 3286 878 3360 maioribus
908 3286 1083 3376 sinuatis;
1118 3285 1306 3360 sectiones
1338 3292 1459 3361 trans·

261 3416 427 3489 versales
455 3414 634 3489 foliorum
662 3413 899 3507 mesophyllo
930 3412 1092 3486 bifaciali
1120 3417 1238 3486 stralo
1269 3435 1289 3487 e
1318 3415 1459 3489 cellulis

261 3542 521 3637 paliformibus
550 3540 727 3615 brevibus
746 3539 954 3629 uniseriali;
987 3539 1198 3632 fragmenta
1226 3540 1343 3614 caulis
1373 3563 1459 3615 cum

263 3668 489 3763 epidermide
510 3690 530 3742 e
546 3668 688 3741 cellulis
704 3668 851 3759 magnis
866 3667 1064 3761 polygonis
1082 3666 1311 3761 interpositis
1326 3669 1458 3743 insulis

263 3817 283 3871 e
313 3796 454 3870 cellulis
482 3795 692 3869 minoribus
720 3794 759 3867 in
788 3794 930 3867 ambitu
960 3793 1142 3887 cuiusque
1164 3795 1351 3885 stomatiS,
1371 3818 1458 3870 cum

262 3924 567 4017 collenchymate,
594 3922 885 4016 parenchymate
912 3925 950 3995 el
967 3943 1046 3995 non
1063 3943 1150 3995 raro
1171 3943 1258 3995 cum
1277 3922 1458 3997 endoder-

260 4050 360 4125 mide
395 4072 415 4123 e
449 4049 590 4123 cellulis
618 4049 841 4123 membrana
872 4048 976 4122 tenui
1005 4050 1180 4138 suberea;
1214 4050 1336 4123 rarius
1360 4050 1458 4142 frag·

261 4182 389 4251 menta
417 4176 643 4271 endophloei
671 4175 788 4250 caulis
807 4176 910 4249 vasis
928 4175 1104 4250 lactileris
1127 4176 1340 4265 reticulatis,
1361 4198 1458 4270 quae

262 4304 545 4399 copiosissimae
573 4304 810 4398 reperiuntur
841 4303 880 4377 in
907 4304 1199 4397 parenchymate
1219 4304 1457 4398 mesocarpii;

260 4453 354 4505 vasa
366 4430 456 4524 ligni
470 4429 664 4504 reticulata
678 4434 840 4522 angusta
855 4434 892 4502 et
906 4430 1089 4523 ampliora
1102 4429 1284 4503 instructa
1292 4432 1457 4525 perfora·

260 4558 361 4632 tione
399 4556 647 4646 soalaelormi;
686 4557 782 4649 pilos
818 4555 1081 4630 unicellulares
1117 4560 1249 4630 acutos
1277 4558 1393 4651 lepto·
1422 4565 1459 4631 et

260 4684 536 4779 pachydermos
555 4684 775 4777 plerumque
796 4682 836 4756 in
853 4683 1082 4775 fragmentis
