3725 5400
893 426 1137 528 -am-'

415 671 563 744 suberis
592 694 612 745 e
642 671 783 744 cellulis
815 671 1014 765 polygonis
1042 671 1282 765 leptodermis
1312 695 1441 747 massa
1473 672 1609 748 coloris

415 798 596 892 purpurei
614 798 780 892 repletis;
810 797 950 891 ubique
970 798 1005 871 in
1031 800 1184 892 pulvere
1207 800 1409 894 particulae
1434 802 1609 874 substan-

416 925 488 999 tiae
522 925 727 1019 amorphae
761 925 1000 1000 aurantiacae
1038 931 1102 1000 aut
1138 927 1412 1016 fusco-nimae,
1446 927 1609 1016 nitentis

416 1052 604 1127 solutione
623 1053 712 1126 ferri
739 1052 1028 1146 sesquichlorati
1050 1054 1216 1128 colorem
1236 1054 1443 1128 olivaceum
1460 1054 1611 1129 trahen-

416 1180 475 1270 tis,
497 1201 614 1272 grana
633 1180 745 1273 amyli
765 1180 974 1274 composita
992 1180 1095 1254 haud
1117 1181 1272 1275 copiosa
1286 1186 1323 1255 et
1332 1181 1494 1276 crystalli
1508 1181 1612 1256 calcii

415 1306 547 1381 oxalici
567 1329 683 1402 supra
702 1308 879 1401 descripti
896 1308 1143 1402 reperiuntur.

530 1436 605 1509 100
624 1436 760 1508 mercis
779 1441 905 1529 partes
924 1458 973 1510 ne
993 1436 1119 1510 minus
1139 1458 1254 1530 quam
1273 1437 1296 1509 9
1312 1442 1439 1531 partes
1458 1436 1612 1511 extracti

416 1562 551 1655 aquosi
570 1563 785 1656 praebeant
814 1562 957 1637 Eadem
976 1564 1165 1656 quantitas
1188 1564 1324 1637 radicis
1345 1564 1543 1638 combusta
1561 1585 1611 1638 ne

414 1691 500 1784 plus
521 1711 636 1782 quam
653 1697 780 1785 partes
802 1692 825 1765 5
846 1691 981 1765 cineris
1000 1691 1195 1784 relinquat

523 1816 645 1892 Radix
674 1820 809 1893 cortice
838 1820 970 1893 orbata
995 1840 1116 1912 aeque
1145 1842 1188 1893 ac
1208 1820 1314 1894 radix
1341 1821 1497 1894 aliarum
1516 1818 1611 1893 Kro-

416 1945 545 2017 mem'ae
563 1946 775 2040 specierum
794 1946 958 2019 uitanda.

834 2304 1014 2441 Radix
1041 2306 1192 2441 Rhei.

524 2564 659 2639 Etcum
685 2565 888 2663 palmatum
915 2565 965 2652 L,
998 2562 1135 2638 Bdcum
1163 2563 1341 2658 officiante
1367 2564 1542 2637 Baillon
1574 2568 1611 2636 et

413 2694 674 2771 verosimiliter
688 2694 780 2769 aliae
799 2692 891 2768 atei
910 2691 1056 2787 species
1077 2691 1202 2767 adhuc
1215 2714 1295 2767 non
1314 2692 1407 2767 satis
1428 2690 1609 2784 cognitae,

414 2827 646 2916 spontaneae
665 2822 705 2896 iu
723 2821 915 2895 montibus
935 2820 1077 2895 Chinae
1095 2819 1501 2894 boreali-occidentalis.
1695 2882 1702 2891 .

523 2948 646 3023 Radix
677 2948 801 3022 valida
839 2948 979 3021 siccata
1011 2953 1048 3022 et
1079 2947 1314 3022 decorticata
1350 2946 1464 3036 Marx,
1498 2944 1608 3019 nobis

413 3075 571 3148 advecta
585 3098 605 3149 e
621 3076 752 3164 China,
773 3075 869 3149 sistit
883 3080 1075 3167 segmenta
1092 3074 1302 3166 cylindrica,
1324 3073 1607 3167 subcylindn'ca,

415 3202 559 3291 conica,
585 3202 818 3295 subglobosa
836 3207 902 3275 aut
919 3203 1229 3296 plano-convexa,
1257 3222 1336 3275 non
1364 3222 1450 3274 raro
1475 3201 1607 3287 forata,

416 3329 647 3404 extrinsecus
676 3330 828 3424 pulvere
865 3329 961 3403 laete
999 3331 1096 3404 flavo
1130 3350 1349 3423 conspersa,
1387 3329 1609 3422 plerumque

414 3456 511 3529 dura
539 3461 577 3530 et
603 3457 830 3551 ponderosa,
860 3458 899 3530 in
927 3458 1093 3531 fractura
1119 3456 1308 3554 inaequali
1336 3476 1482 3549 aspera,
1514 3456 1610 3546 albu

412 3583 642 3674 aurantiac0,
664 3584 778 3657 rubro
799 3591 865 3658 aut
882 3584 1121 3657 lusco-rubro
1140 3583 1340 3675 variegata.

524 3710 647 3785 Sectio
685 3717 903 3785 transversa
940 3710 1076 3805 probat
1121 3710 1199 3784 sive
1241 3731 1358 3804 prope
1401 3709 1611 3802 marginem

414 3859 552 3910 zonam
566 3838 791 3927 densiorem,
809 3839 981 3912 radiatim
996 3839 1182 3930 signatam
1195 3858 1264 3932 per
1276 3837 1377 3912 vices
1391 3837 1499 3911 lineis
1515 3837 1610 3910 albis

412 3972 453 4038 et
475 3965 599 4039 rubris
624 3973 690 4040 aut
713 3967 938 4040 aurantiacis
972 3972 1010 4040 et
1040 3971 1186 4059 partem
1218 3965 1382 4039 mediam
1404 3965 1608 4039 medullae·

414 4091 574 4166 formem
589 4095 761 4187 amplam,
776 4095 925 4187 punctis
942 4100 979 4168 et
992 4094 1150 4168 maculis
1169 4093 1276 4166 flavis
1295 4098 1332 4166 et
1349 4092 1473 4166 rubris
1491 4092 1609 4166 varie·

413 4226 551 4312 galam,
573 4222 702 4313 figuris
722 4221 873 4296 radiatis
895 4223 1021 4316 parvis
1041 4222 1080 4294 in
1099 4221 1278 4295 circulum
1298 4220 1509 4313 dispositis;
1530 4220 1608 4295 sive

411 4349 527 4421 telam
541 4350 701 4442 punctis
722 4350 879 4422 maculis
895 4355 932 4423 et
950 4350 1057 4423 lineis
1077 4348 1274 4422 multifarie
1293 4347 1473 4421 intricatis
1491 4348 1608 4421 varie·

412 4482 551 4567 getam,
580 4476 709 4566 figuris
734 4476 804 4548 illis
833 4476 987 4550 radiatis
1015 4474 1264 4568 irregulariter
1294 4474 1434 4567 ubique
1465 4475 1608 4568 sparsis

411 4603 557 4696 passim
577 4602 863 4677 confluentibus.
