3725 5400
705 503 939 577 -all-

229 725 512 801 sublanceolata
556 729 622 799 aut
657 723 1014 799 lineari-lanceolata
1044 720 1195 796 brevius
1232 720 1419 815 petiolata,

228 858 347 943 acuta,
373 852 609 946 integerrima
632 851 770 945 glabra,
793 850 961 943 margine
984 849 1145 925 tenuiter
1173 850 1294 924 ciliata
1317 849 1418 942 glan·

229 981 682 1056 doloso-subdenticulata
703 979 847 1054 scabra.
869 979 1037 1053 Ochreae
1056 977 1200 1052 inferne
1215 977 1419 1052 subbarba-

232 1129 330 1197 ceae,
379 1128 444 1182 ore
480 1108 802 1196 membranaceae,
841 1107 1005 1196 bifissae,
1045 1106 1198 1180 demum
1234 1106 1418 1180 laceratae

228 1240 386 1326 setosae,
428 1235 553 1310 nervis
593 1234 725 1329 paucis
762 1234 927 1326 remotis
971 1236 1084 1308 flores
1122 1232 1294 1307 arillares
1331 1232 1418 1306 sub·

230 1363 399 1458 quaterni
449 1363 689 1458 pedunculati
738 1364 959 1457 plerumque
1011 1361 1179 1438 octandri
1226 1360 1419 1454 perigenio

227 1493 386 1586 trigone,
409 1491 721 1585 quinquepartita
751 1490 894 1565 laciniis
923 1489 1094 1564 obovatis
1122 1487 1298 1564 concavis
1327 1488 1418 1563 cari·

229 1620 327 1695 natis
363 1619 555 1710 viridibus
603 1640 766 1713 superne
800 1618 921 1693 albida
964 1621 1030 1692 aut
1069 1616 1434 1710 rubro-marginatis·

230 1748 579 1843 erectopatentibus.

336 1874 569 1950 Adhibentur
601 1875 724 1950 Herba
764 1873 896 1949 florida
933 1873 1073 1948 siccata
1109 1872 1237 1947 odoris
1274 1894 1418 1968 aspera,

228 2002 374 2096 saporis
394 2002 742 2096 subadstringentis.

342 2131 417 2204 100
438 2131 519 2204 eius
539 2136 665 2226 partes
693 2152 741 2205 ne
760 2130 846 2224 plus
867 2151 981 2222 quam
1000 2134 1126 2223 partes
1147 2130 1170 2203 8
1191 2128 1326 2203 cineris
1344 2126 1419 2203 albi

227 2259 447 2352 relinquant

465 2679 767 2790 Herba
794 2672 1182 2789 Sabinae.

338 2899 526 2996 iuniperus
559 2897 693 2972 Sabina
737 2899 792 2988 L,
839 2898 964 2972 frutex
1008 2897 1069 2972 vel
1109 2896 1345 2987 arbusculus
1381 2896 1420 2970 in

229 3029 379 3121 regione
391 3027 552 3101 abietina
562 3032 598 3102 et
607 3026 805 3120 subalpina
818 3025 991 3119 Europae
1011 3024 1184 3099 centralis
1200 3029 1237 3099 et
1245 3023 1419 3099 australis

229 3159 448 3250 spontanea,
467 3176 546 3229 non
564 3176 649 3228 raro
670 3155 804 3229 cultus,

338 3282 578 3356 Summitates
612 3303 804 3355 ramorum
833 3282 993 3355 siccatae
1017 3280 1172 3353 ramulis
1210 3278 1418 3368 coarctatis,

229 3410 326 3484 loliis
346 3409 588 3499 brevissimis
605 3431 707 3484 nunc
727 3408 993 3503 quadrifariam
1013 3406 1288 3481 subimbricatis
1307 3426 1419 3498 squa-

229 3537 498 3612 maeformibus
527 3537 731 3627 rhombeiS,
762 3535 1041 3626 obtusiusculis,
1077 3531 1420 3629 erecto-adpressis,

229 3687 330 3740 nunc
363 3665 638 3740 remotiusculis
662 3665 799 3759 patulis
821 3661 1252 3752 rhombeo-lanceolatis‚
1281 3660 1420 3735 acumi-

230 3793 338 3883 natis,
351 3792 632 3882 mucronulatiS,
644 3792 982 3887 subpungentibus
993 3791 1107 3865 dorso
1119 3810 1287 3865 convexo
1302 3809 1419 3883 prope

230 3921 394 3995 medium
415 3921 592 4013 glandula
620 3919 932 4030 oblongo-lineari
950 3919 1136 4013 impressa
1154 3917 1301 3991 notatis.
1321 3915 1419 3991 Odo-

231 4049 282 4122 ris
311 4054 370 4123 est
397 4048 520 4142 gravis
548 4047 752 4136 balsamici,
781 4047 927 4143 saporis
947 4043 1255 4122 resinoso-amari
1273 4049 1311 4118 et
1330 4043 1420 4117 acri·

227 4176 429 4250 balsamici.

336 4303 379 4378 ln
414 4306 567 4398 pulvere
615 4303 750 4378 coloris
788 4302 1032 4377 viridi-flavidi
1075 4322 1146 4396 ope
1183 4298 1418 4394 microscopii

228 4431 476 4506 observantur
506 4429 702 4523 imprimis:
729 4429 932 4524 particulae
971 4427 1209 4523 epidermidis
1245 4427 1420 4501 foliorum

229 4579 249 4631 e
270 4557 411 4633 cellulis
429 4557 627 4651 polygonis
659 4557 878 4631 membrana
910 4556 1078 4647 robusta,
1109 4575 1133 4628 a
1159 4556 1273 4630 latere
1289 4574 1420 4648 grosse

229 4705 380 4778 perosa,
397 4684 621 4758 stomatibus
636 4684 802 4778 ellipticis
818 4683 975 4776 singulis
991 4681 1040 4757 ad
1054 4682 1304 4760 extremitates
1318 4680 1421 4772 rugis

1153 4820 1203 4878 14·
