3725 5400
889 436 1105 508 ..qq-

509 658 622 744 Aquae
1202 696 1206 749 1
1318 656 1444 748 portes
1528 652 1592 725 93.

482 779 671 855 Miscenda
692 800 739 853 ex
757 784 926 880 tempore
945 785 1106 872 paretur.

510 908 649 1002 Liquor
668 907 717 982 sit
733 907 909 1079 lin‹rpidus
929 908 989 982 vel
1007 908 1163 1002 paulum
1181 906 1364 981 turbidus.

1092 1065 1116 1119 e

763 1110 920 1384 liqna
946 1212 1231 1348 iireaoiica.
1366 1342 1368 1345 ,

401 1435 476 1529 Rp:
510 1437 646 1509 Kresoll
664 1437 843 1526 liquefacti
1327 1439 1446 1529 portes
1530 1433 1592 1508 00.

482 1561 596 1635 Misce
616 1582 703 1634 eum

508 1693 621 1779 iquae
1330 1686 1495 1783 portibus
1515 1687 1593 1762 978

483 1819 521 1890 et
537 1815 647 1889 filtra.

471 1966 476 1973 ·
509 1942 649 2036 Liquor
666 1942 843 2035 limpidus
868 1942 1002 2016 coloris
1022 1964 1167 2035 expers
1195 1941 1395 2016 reaetionis
1414 1941 1594 2032 neutrius

400 2068 599 2144 Kresoium
632 2070 819 2159 redolens,
852 2069 951 2143 ferro
977 2069 1278 2162 sesquichlorato
1307 2069 1432 2143 soluto
1466 2069 1593 2142 addito

398 2197 567 2272 colorem
586 2196 801 2271 caeruleum
820 2196 985 2285 trahens,
1016 2196 1080 2289 qui
1108 2216 1196 2269 mox
1220 2197 1260 2270 in
1278 2196 1431 2270 viridem
1450 2196 1593 2269 transit

403 2452 406 2459 ⁸
564 2507 803 2637 Aqua
839 2500 1432 2617 Lauroeerasi.
1521 2470 1525 2478 ’

399 2686 474 2780 Rp:
506 2688 675 2760 tollamur
702 2689 924 2761 Lanoccrasi
953 2690 1141 2761 recentium
1168 2684 1383 2760 concisorum
1419 2695 1453 2758 et
1479 2692 1596 2759 conto·

505 2807 631 2886 ¹aorem
1319 2819 1446 2909 portes
1506 2814 1594 2887 100.

480 2940 735 3015 Destillatione
753 2940 836 3033 lege
855 2941 946 3015 artis
966 2940 1142 3015 abstrahe

507 3071 620 3158 Aquae
639 3071 859 3142 Lanoeerasi
914 3073 918 3080 '
1336 3074 1459 3162 portes
1520 3068 1595 3141 100

485 3215 554 3268 seu
572 3200 731 3284 tantum,
750 3198 794 3268 ut
816 3195 918 3268 1000
947 3199 1075 3289 partes
1109 3194 1266 3287 liquoris
1293 3198 1439 3287 partem
1463 3195 1479 3266 i
1503 3194 1598 3267 acidi

398 3321 664 3417 hydroeyanici
697 3324 920 3398 contineant.

421 3517 425 3526 .
509 3451 649 3544 Liquor
687 3471 806 3544 paene
839 3450 1029 3544 limpidus
1073 3451 1209 3525 coloris
1242 3472 1387 3543 capena,
1420 3449 1596 3524 redolens

398 3575 542 3651 fortiter
561 3579 688 3652 oleum
707 3579 925 3652 aethereum
944 3577 1228 3670 amygdalarum
1247 3599 1472 3652 amararum.

509 3703 547 3776 Si
561 3705 672 3798 Aqua
686 3704 932 3778 Lauroeerasi
948 3707 1104 3795 argento
1120 3703 1250 3777 nitrico
1266 3704 1390 3777 soluto
1409 3706 1597 3792 tractatur,

397 3829 522 3924 liquor
548 3830 709 3904 filtratus
736 3831 883 3924 aequali
901 3831 1016 3905 modo
1036 3830 1204 3904 redoleat
1221 3831 1347 3904 oleum
1367 3830 1596 3903 aethereum.

508 3957 619 4050 Aqua
643 3957 951 4050 hydrosuilurata
979 3957 1106 4031 addita
1133 3957 1244 4050 Aqua
1272 3956 1520 4031 Lauroeerasi
1547 3978 1595 4031 ne

399 4088 574 4159 mutetur.

508 4211 641 4306 Aquae
656 4212 900 4287 Lauroeerasi
915 4213 1132 4286 centimetra
1152 4212 1284 4286 cubica
1305 4217 1326 4284 5
1348 4232 1434 4285 cum
1454 4210 1596 4303 aliquot

399 4337 511 4431 guttis
546 4338 693 4431 argenti
724 4337 844 4412 uitrici
876 4338 988 4412 soluti
1016 4341 1175 4411 tractata
1207 4342 1244 4411 et
1273 4336 1487 4410 cautissime
1508 4357 1595 4410 cum

399 4464 548 4558 aequali
579 4464 771 4538 volumine
801 4464 896 4538 acidi
929 4465 1097 4539 sulfurioi
1130 4463 1360 4538 concontrati
1392 4463 1595 4538 commixta

399 4610 447 4666 ne
466 4591 593 4666 statim
613 4591 821 4665 turbentur.
