3725 5400
916 474 1157 547 -330-

440 691 604 767 chlorico
641 692 773 766 leniter
810 691 1007 780 aemulata,
1042 691 1169 766 addito
1202 693 1302 766 forro
1337 692 1637 785 sesquichloralo

441 821 565 894 soluto
587 819 751 893 colorem
768 819 978 892 violaceum
996 818 1128 894 induit.

548 946 691 1020 Solutio
725 968 745 1019 e
779 945 1039 1037 dccigrammis
1063 953 1084 1020 5
1106 946 1323 1022 Saccharini
1351 952 1388 1020 ct
1411 946 1637 1021 coniimclris

440 1073 580 1147 cubicis
601 1073 654 1146 80
682 1095 803 1166 aquae
831 1072 996 1146 fcrn'dao
1016 1080 1157 1167 parata,
1192 1096 1260 1169 por
1283 1074 1330 1147 ln
1351 1073 1467 1147 horas
1495 1072 1535 1147 in
1552 1074 1636 1146 loco

438 1200 571 1292 frigido
600 1200 767 1293 seposita
796 1202 991 1292 crystallos
1020 1201 1312 1275 tabulacformcs
1343 1200 1510 1290 demittit,
1541 1221 1637 1293 quae

437 1333 691 1420 temperatura
711 1328 977 1401 2190—20200
1000 1328 1223 1422 liquescunt.

548 1454 819 1527 Saccharinum
861 1455 900 1527 in
930 1455 1037 1528 acido
1067 1456 1247 1530 sulfun'co
1277 1459 1519 1529 concontrato
1539 1456 1638 1528 solu·

439 1589 519 1656 tum
564 1581 750 1674 liquorem
788 1580 923 1655 coloris
963 1589 1155 1676 expertam
1191 1582 1378 1675 praebeat,
1423 1581 1487 1674 qui
1524 1582 1638 1655 calori

441 1708 566 1782 balnei
585 1729 706 1800 aquae
726 1708 917 1802 expositus
938 1709 1104 1782 colorem
1124 1711 1275 1783 luscum
1293 1731 1341 1781 nc
1361 1708 1501 1782 induat

546 1836 708 1929 Ignitum
727 1836 808 1909 sinc
828 1836 980 1909 residuo
1002 1836 1210 1910 comburat.

871 2151 1208 2294 Sacclrarnn.

548 2398 684 2473 Frusta
718 2385 932 2490 crystallina
965 2405 1173 2493 compacta,
1213 2399 1324 2488 sicca,
1359 2397 1563 2487 albissima,
1579 2397 1636 2469 in

439 2533 526 2599 ac'rc
545 2525 802 2616 immutabilia
820 2527 880 2599 vol
898 2526 1021 2620 pulvis
1042 2526 1278 2617 crystallinus
1299 2525 1526 2598 albissimus.

548 2652 778 2728 Sacchanrm
806 2675 893 2727 cum
921 2653 1089 2747 pondero
1120 2652 1271 2726 dimidio
1301 2674 1422 2745 aquae
1451 2651 1532 2726 sine
1560 2651 1638 2725 ullo

438 2781 591 2854 residuo
621 2783 787 2854 solutum
825 2803 1008 2875 syrupum
1037 2781 1174 2854 afficiat
1202 2781 1338 2854 coloris
1367 2784 1404 2854 et
1429 2780 1557 2853 odoris
1578 2801 1637 2852 cx·

437 2913 593 3001 ponem,
628 2907 692 2999 qui
720 2908 824 2981 omni
850 2908 1092 3002 proportione
1122 2929 1208 2981 cum
1237 2906 1368 3001 spiritu
1395 2906 1471 2979 vini
1499 2906 1636 2979 mixtus

438 3035 621 3127 liquorem
640 3034 836 3127 limpidum
854 3036 1043 3128 praebeat.

547 3160 689 3235 Solutio
706 3162 882 3235 Sacchari
897 3163 975 3235 siva
992 3183 1138 3254 aquosa
1153 3162 1230 3234 sive
1247 3160 1449 3254 spirituosa
1468 3160 1636 3233 chartam

438 3289 724 3380 exploratoriam
744 3310 792 3362 na
812 3294 940 3378 mutat,
970 3311 1116 3381 aquosa
1144 3310 1242 3382 aqna
1261 3287 1570 3382 hydrosulfurala
1586 3308 1635 3361 no

437 3419 612 3503 mutetur,
634 3416 825 3488 ammonio
846 3415 1000 3504 oxalico,
1020 3415 1136 3507 baryo
1157 3415 1301 3504 nitrico,
1328 3419 1483 3506 argento
1503 3413 1634 3487 nitrico

438 3546 503 3613 aut
520 3542 641 3615 natrio
662 3542 840 3616 sulfurico
861 3542 909 3614 ad
930 3563 1122 3616 summurn
1142 3543 1343 3635 opaloscal.

763 3863 1084 3999 Sacclrarnn
1113 3796 1309 3998 lactis,

545 4123 775 4196 Saccharum
808 4122 943 4211 LactiS,
976 4144 995 4195 c
1025 4144 1111 4195 scro
1141 4122 1246 4194 lactis
1274 4119 1418 4193 vaccini
1445 4124 1630 4213 paratum,

434 4254 580 4342 prostat
611 4249 651 4322 in
674 4249 810 4322 tabulis
840 4255 905 4322 aut
934 4249 1069 4322 crustis
1089 4247 1322 4341 crystallinis,
1354 4248 1575 4341 plerumque
1595 4247 1634 4320 in

435 4375 578 4449 baculis
599 4376 808 4469 cylindricis
829 4376 933 4471 apice
968 4374 1118 4464 coniciS,
1139 4375 1187 4447 ad
1205 4377 1227 4446 6
1248 4374 1465 4447 coniimctra
1485 4374 1633 4464 crassis

435 4502 549 4592 duria,
570 4525 590 4576 c
610 4504 793 4594 crystallis
814 4502 1031 4596 compositis
1053 4502 1207 4594 grossis,
1236 4501 1469 4595 prisrnaliciS,
1490 4501 1633 4591 albidis,

434 4628 714 4722 subpellucidis,
744 4630 990 4704 intendentes
1011 4628 1267 4719 stridentibus
1301 4628 1473 4702 radiatim
1505 4650 1633 4722 aggre-
