3725 5400
711 504 949 578 -141-

186 701 189 706 ¹
340 722 596 818 Grammata2
609 721 713 795 Fem‘
729 722 1004 816 hydrooxydali
1018 722 1191 816 dialysali
1203 722 1333 815 liquidi
1343 745 1431 797 cum

233 849 342 923 acido
379 849 667 943 hydrochlon'co
706 849 822 923 diluto
861 851 1116 925 calefaciendo
1158 851 1295 941 soluta
1342 851 1430 926 dein

233 975 452 1068 reiiigerata
483 981 521 1051 et
552 976 708 1051 adiectis
740 976 1002 1069 decigrammis
1037 978 1060 1053 5
1093 977 1181 1052 kalii
1215 976 1332 1052 iodati
1362 999 1431 1073 per

229 1104 364 1178 horam
395 1103 563 1197 seposita
589 1103 788 1179 minimum
814 1106 1033 1179 centimetra
1060 1104 1194 1179 cubica
1222 1104 1310 1178 lua
1328 1105 1429 1180 solu·

229 1229 343 1306 tionis
357 1230 467 1304 uairii
479 1230 728 1305 thiosulfuiici
742 1230 1008 1305 decinormalie
1022 1232 1226 1325 requirant,
1242 1235 1287 1305 ut
1298 1231 1429 1308 iodun

231 1356 430 1431 liberatum
447 1357 636 1450 iungatur.

569 1719 787 1853 lectum
824 1718 1088 1853 lucticuu.

338 1991 497 2067 Crustae
526 2016 546 2066 e
575 1993 682 2068 viridi
701 1993 809 2068 albae
828 1994 888 2068 vel
906 1994 1029 2087 pulvis
1050 1995 1287 2088 crystallulos
1306 1994 1426 2069 acicu-

229 2120 327 2193 laces
347 2120 498 2210 sistens,
519 2121 647 2194 odous
674 2121 807 2194 debilis
827 2122 1038 2215 peculiaria
1069 2122 1221 2196 assidue
1251 2123 1426 2214 agitando

229 2244 268 2320 in
309 2247 444 2339 lagena
477 2249 609 2321 clausa
635 2248 735 2322 lente
764 2248 804 2322 in
841 2249 894 2322 40
928 2249 1072 2322 circiter
1102 2251 1272 2342 partibus
1306 2271 1426 2342 aquae

229 2374 397 2465 iiigidae,
420 2375 461 2449 in
482 2374 652 2469 paulibus
686 2375 733 2448 lu
764 2397 887 2469 aquae
915 2376 1080 2450 fervidae
1113 2376 1239 2449 colore
1273 2396 1294 2449 e
1320 2375 1427 2449 viridi

229 2500 338 2590 ssave,
366 2501 471 2575 haud
509 2501 548 2575 in
587 2503 720 2595 spiritu
754 2502 831 2575 vini
868 2503 1050 2593 solubilis,
1099 2503 1301 2576 calefactus
1348 2524 1427 2576 car·

229 2626 441 2704 bonescens
461 2629 619 2704 odorem
638 2631 869 2704 caremelum
886 2634 1105 2704 monentem
1124 2629 1311 2705 emittens,

338 2756 381 2830 ln
399 2758 586 2831 solutione
606 2779 764 2849 aquosa,
799 2758 1002 2831 coactionis
1026 2759 1154 2831 acidae
1179 2758 1316 2832 solutio
1340 2757 1427 2831 kalii

230 2881 466 2976 forricyanati
507 2884 793 2978 praecipitatum
838 2885 986 2958 intense
1013 2885 1241 2974 caeruleum,
1289 2884 1425 2958 solutio

229 3008 316 3084 kalii
333 3011 583 3104 ferrocyanati
610 3012 894 3104 praecipitatum
919 3011 1279 3086 albido-caeruleum
1306 3010 1428 3085 efficit

339 3138 482 3213 Solutio
503 3139 829 3230 aquosa(1=50)
844 3160 916 3212 nec
935 3139 1123 3214 solutione
1136 3138 1280 3231 plumbi
1299 3138 1426 3212 acetici

230 3284 336 3355 neve,
357 3265 463 3339 acido
482 3265 769 3359 hydrochlorico
790 3266 977 3340 acidulata
1000 3287 1102 3364 equa
1119 3263 1427 3360 hydrosulfurata

229 3393 316 3484 plus
345 3414 460 3485 quam
488 3392 610 3466 albida
640 3394 901 3485 opalescenter
918 3394 1105 3481 turbatum
1134 3392 1272 3466 solutio
1292 3393 1426 3466 eadem

170 3579 172 3582 ,
231 3519 339 3593 acido
358 3519 488 3593 niuico
510 3520 697 3594 acidulata
715 3521 861 3594 adiecta
879 3521 1068 3594 solutione
1095 3520 1201 3612 baryi
1219 3519 1338 3593 uitrici
1366 3521 1425 3594 vel

232 3645 377 3738 argenti
394 3646 515 3719 uitiici
533 3668 581 3720 ue
601 3647 674 3720 nisi
693 3648 956 3741 opalescenter
972 3648 1156 3721 uubeuu.

340 3773 567 3848 Ceutimetra
585 3774 718 3848 cubica
738 3774 788 3847 30
807 3775 921 3849 huius
941 3774 1138 3849 solutionis
1158 3773 1295 3847 additis
1314 3774 1426 3848 centi-

229 3898 359 3973 metris
378 3900 518 3975 cubicis
540 3902 562 3973 3
584 3901 680 3975 acidi
699 3901 866 3975 sulfurici
890 3901 996 3975 diluti
1022 3923 1090 3995 per
1118 3901 1262 3993 aliquot
1282 3901 1427 3974 minuta

232 4030 351 4117 cocta,
383 4028 471 4101 dein
509 4028 631 4101 naulo
669 4028 955 4122 hydrooxydato
989 4028 1115 4103 soluto
1144 4033 1427 4121 superseturata

232 4154 413 4228 filtratum
449 4156 668 4249 praebeant,
700 4155 804 4249 quod
839 4156 1093 4230 calefaciendo
1121 4176 1208 4228 cum
1239 4155 1425 4228 solutione

231 4281 337 4375 cupri
345 4282 507 4355 tartaiici
522 4282 681 4356 alcalina
698 4281 984 4377 praecipitatum
1001 4284 1161 4355 rubrum
1179 4303 1227 4354 nc
1248 4282 1424 4373 deponat.

337 4408 494 4482 Ferrum
513 4410 685 4483 lacticum
704 4431 791 4482 cum
811 4411 917 4484 acido
938 4410 1117 4483 sulfiuico
1136 4409 1336 4482 contritum
1356 4430 1426 4482 uec

230 4535 372 4627 uiqiud
386 4534 487 4627 gasts
503 4536 646 4611 emittat
659 4558 730 4610 nec
739 4536 836 4610 inter
850 4537 1081 4645 semitioram
1097 4536 1262 4609 colorem
1276 4536 1426 4610 fuscum

230 4663 414 4736 adsumat
