3725 5400
693 393 931 466 -355-

211 618 405 687 mutentur
443 611 521 686 sive
559 612 771 701 turbentur;
811 631 912 703 aqua
944 609 1251 703 hydrosulfurata
1282 608 1408 682 addita

210 740 334 833 liquor
353 738 505 813 decolor
524 744 686 812 maneat

320 865 487 939 Miscella
516 886 536 940 e
567 865 794 941 centimetris
824 864 965 938 cubicis
989 865 1037 937 10
1059 863 1216 957 Spiritus
1241 868 1278 936 et
1296 862 1408 936 centi-
1480 936 1492 966 Ι

211 999 331 1068 metro
361 992 493 1067 cubico
516 991 714 1066 solutionis
734 992 823 1066 kalii
840 989 1174 1085 hypermanganici
1188 990 1408 1086 (1:1000)

213 1122 379 1195 colorem
393 1120 552 1194 rubrum
570 1141 638 1213 per
657 1120 802 1194 minuta
822 1120 873 1192 00
895 1123 1104 1193 conservat.

322 1246 675 1321 Contineatin100
699 1247 869 1343 partibus
897 1250 1024 1340 partes
1048 1243 1226 1339 ponderis
1251 1245 1338 1319 879
1360 1245 1407 1318 00

214 1375 316 1463 850,
337 1379 464 1468 partes
483 1374 685 1447 voluminis
706 1373 904 1470 919-90
925 1372 1117 1446 alcoholis.

480 1731 709 1904 Spiritus
746 1731 872 1867 Vini
911 1730 1137 1903 Gognac.

323 1990 463 2083 Liquor
496 1989 727 2063 alcoholicus
762 1990 1010 2063 destillatione
1045 2010 1064 2062 e
1097 1991 1185 2064 vino
1219 1991 1407 2066 obtentus.

215 2117 270 2190 Sit
287 2116 475 2211 limpidus
498 2116 635 2190 coloris
651 2116 735 2189 ilavi
751 2121 817 2190 aut
828 2117 1051 2206 fusco-ssavi,
1069 2117 1195 2190 odoris
1211 2122 1248 2192 et
1262 2118 1408 2211 saporis

215 2244 380 2318 suaviter
398 2244 598 2338 peculiaris
618 2243 820 2337 spirituosi
838 2244 1018 2338 ponderis
1039 2244 1202 2338 specifici
1221 2244 1338 2318 0935
1360 2247 1408 2319 ad

215 2372 348 2459 0945,
368 2371 568 2445 reactionis
587 2372 808 2464 plerumque
827 2371 959 2445 leniter
978 2371 1118 2445 acidae.

324 2498 378 2572 Ne
397 2498 586 2591 relinquat
605 2519 625 2570 e
646 2498 816 2591 partibus
840 2499 916 2572 100
935 2501 1022 2594 plus
1043 2520 1157 2592 quarn
1175 2505 1320 2593 partem
1346 2502 1410 2572 1·5

213 2625 357 2700 residui
376 2624 475 2700 sicci.

321 2753 451 2826 Partes
468 2752 548 2827 eius
569 2754 645 2826 100
657 2755 875 2827 contineant
887 2759 1013 2846 partes
1032 2754 1233 2828 voluminis
1249 2755 1411 2831 44-48

213 2881 273 2953 vel
291 2887 417 2974 partes
436 2881 615 2974 ponderis
637 2882 793 2954 37-41
818 2881 1011 2955 alcoholis.

494 3238 723 3412 Spiritus
761 3240 884 3376 Vini
921 3240 1134 3379 diulus,

215 3462 290 3554 Rp:
328 3464 473 3555 opulus
494 3464 570 3534 Vini
1137 3472 1262 3562 portes
1388 3469 1410 3540 7

324 3594 437 3680 Aquae
1141 3599 1263 3689 partes
1374 3596 1410 3668 3.

288 3715 414 3790 Misce.
502 3782 504 3784 ,

326 3842 467 3936 Liquor
481 3844 659 3937 limpidus
678 3844 839 3934 decolor,
859 3846 1038 3938 ponderis
1054 3847 1216 3941 specifici
1230 3848 1346 3921 0890
1364 3850 1411 3921 ad

218 3972 351 4044 0896.
1308 3972 1311 3977 ’

327 4097 526 4189 Contineat
545 4100 584 4172 in
610 4099 780 4193 partibus
805 4100 880 4172 100
899 4105 1026 4193 partes
1045 4101 1223 4193 ponderis
1252 4103 1408 4175 00-01

217 4226 276 4298 vel
294 4229 421 4318 partes
441 4227 642 4299 voluminis
665 4227 822 4299 08-69
845 4227 1038 4300 alcoholis

327 4350 503 4424 Ceterum
541 4353 731 4443 rongentia
767 4375 901 4426 versus
946 4376 987 4427 se
1025 4355 1163 4428 habeat
1190 4362 1231 4429 ut
1260 4357 1413 4450 spiritus

219 4500 306 4551 vini.

1146 4696 1196 4748 93*
