3725 5400
708 547 754 559 -
783 502 863 578 ou
898 547 945 558 -

339 726 451 815 Aquae
1123 719 1288 817 partibus
1374 721 1422 795 10

310 850 437 943 redige
456 850 495 924 in
513 852 706 944 pulverem
725 850 1023 940 subtilissimum,
1045 850 1131 924 dein
1152 849 1248 923 addc

339 980 433 1059 lluldl
450 981 578 1053 lunulci
1170 982 1288 1072 parus
1385 978 1421 1052 6.

312 1105 516 1179 Miscellam
526 1125 594 1200 per
603 1104 833 1179 semihoram
842 1106 1052 1180 trituratum
1062 1105 1161 1179 dilue
1182 1125 1269 1178 cum

339 1238 452 1326 Aquae
1119 1230 1287 1328 partibus
1330 1233 1420 1307 500.

312 1358 598 1454 Praecipitatum
631 1366 784 1435 enatum
816 1360 947 1453 collige
979 1360 1019 1434 in
1052 1359 1162 1450 filtro,
1206 1361 1289 1434 clue
1336 1381 1422 1434 cum

231 1509 332 1581 aqua
362 1488 642 1583 perfectissime,
678 1488 841 1582 exprime
870 1491 907 1561 ct
935 1487 1035 1560 sicca
1057 1490 1310 1580 temperatura
1327 1486 1423 1561 ordi·

231 1615 337 1688 naria
354 1615 393 1689 in
411 1616 495 1689 loco
516 1616 689 1689 obscuro.

338 1741 464 1816 Pulvis
493 1741 637 1816 sublilis
668 1763 688 1815 e
710 1742 817 1816 viridi
836 1742 979 1831 fuscus
1005 1743 1044 1816 in
1068 1764 1168 1835 aqua
1200 1741 1421 1830 insolubilis,

232 1870 361 1943 addila
391 1870 577 1944 solutione
609 1870 718 1943 nauli
749 1870 1023 1964 hydrooxydalr'
1054 1870 1240 1966 liquorem
1271 1870 1423 1943 luscum

231 1998 387 2091 praebet
404 2001 442 2071 ct
458 1998 733 2091 hydrargyrum
752 1998 911 2071 demittit

341 2124 519 2200 Gramma
542 2124 769 2218 Hydrargyri
797 2125 936 2198 tannici
968 2124 1158 2217 oxydulau·
1187 2146 1274 2198 cum
1302 2146 1422 2216 gram·

232 2252 316 2343 mis
344 2253 392 2326 10
430 2274 551 2347 aquae
589 2257 885 2349 conquassatum
912 2252 1095 2345 liquorem
1131 2253 1319 2347 praebeat,
1360 2253 1423 2346 qui

231 2378 390 2453 fillratus
415 2379 463 2454 sil
486 2380 621 2453 coloris
635 2380 712 2452 fere
732 2400 876 2472 expers
907 2401 978 2453 nec
997 2401 1096 2472 aqua
1119 2380 1424 2473 hydrosulfurata

233 2511 407 2598 mutetur,
442 2529 513 2581 nec
546 2506 732 2579 solutione
780 2507 864 2580 ferri
902 2507 1071 2580 sullurlci
1108 2509 1272 2581 admixto
1315 2508 1422 2582 acido

233 2633 411 2707 sulfurico
427 2636 668 2708 concontrato
697 2633 921 2726 superfusus
941 2634 1105 2710 colorem
1121 2634 1269 2709 luscum
1282 2634 1423 2711 indual„

341 2760 538 2835 Continuat
551 2762 589 2834 in
607 2761 684 2834 100
698 2760 866 2853 partibus
881 2765 1008 2855 parles
1020 2761 1177 2834 55-57
1189 2761 1420 2854 hydrargyri,

230 2889 317 2962 inde
352 2910 520 2981 gramma
551 2887 763 2983 praeparati
799 2909 885 2961 cum
927 2888 1153 2961 centimeln‘s
1192 2887 1331 2962 cubicis
1370 2888 1422 2962 20

134 2994 136 2998 ’
231 3015 428 3108 solutionis
456 3016 541 3089 kalii
573 3015 847 3109 hydrooxydati
866 3015 1091 3109 spirlluosue
1110 3014 1238 3088 inlime
1267 3015 1423 3090 mixtum

230 3144 503 3237 hydrargyrum
518 3143 692 3237 deponat,
710 3143 817 3217 cuius
831 3144 983 3236 pondus
1003 3147 1091 3236 post
1110 3142 1312 3220 clationem
1336 3165 1422 3218 cum

230 3404 480 3489 grammalum
500 3398 669 3472 55-57.

246 3684 644 3856 Hydrogcniurr
672 3685 1133 3855 lypcrorydolurn
1161 3686 1402 3821 soluturo.

337 3906 478 3981 Solutio
522 3927 667 3999 aquosa
698 3905 926 3998 Hydrogenii
966 3908 1245 4001 lryparoxydali
1282 3908 1423 4000 Liquor

227 4033 417 4127 limpidus,
452 4033 589 4108 coloris
622 4036 659 4107 cl
691 4033 819 4106 odoris
853 4055 998 4127 expers
1029 4036 1227 4108 reaclionis
1247 4035 1421 4109 ‘neutrius

229 4165 294 4237 aul
319 4159 451 4235 leniter
479 4160 619 4251 acidae,
650 4161 853 4234 calefactus
882 4161 1178 4256 decomponitun
1214 4184 1353 4255 aquam
1386 4168 1423 4237 et

227 4287 452 4381 oxygenium
465 4287 657 4361 exhibens,
674 4286 769 4362 Cum
789 4309 887 4380 aqua
906 4289 1058 4377 dilutus,
1080 4289 1215 4363 additis
1230 4289 1421 4364 nonnullis

227 4416 340 4508 guttis
377 4414 462 4488 kalii
498 4415 716 4489 bichromici
753 4416 865 4489 soluti
903 4421 941 4489 et
977 4416 1072 4489 acidi
1112 4415 1280 4490 sulfurici
1317 4416 1421 4491 diluti

227 4542 392 4616 colorem
444 4542 658 4617 caeruleum
703 4542 834 4632 induit,
883 4542 947 4635 qui
993 4543 1287 4636 conquassando
1335 4565 1420 4616 cum

227 4669 405 4761 grammis
425 4670 617 4744 nonnullis
637 4669 801 4743 aetheris
818 4668 858 4741 in
877 4669 979 4743 hunc
997 4671 1143 4762 migrat.

1646 3181 1691 3308 r

231 3270 362 3364 spiritu
389 3270 465 3343 vini
492 3274 571 3344 tum
600 3271 750 3344 aethere
781 3275 815 3343 el
844 3276 931 3363 post
950 3270 1238 3343 desiccationem
1258 3269 1307 3342 sit
1325 3269 1443 3344 deeir
1460 3333 1463 3342 .
1482 3279 1524 3316 2-
1560 3279 1691 3346 (jrllr
