3725 5400
717 478 953 550 -127-

344 696 517 770 Ceterum
566 697 782 771 Extractum
818 701 973 790 paretur
1003 701 1046 769 ut
1078 700 1287 770 extractum
1320 693 1434 768 Colae

232 824 400 897 fluidum.

340 950 557 1025 Extractum
602 951 841 1045 Hydrastidis
887 951 1048 1025 fluidum
1109 952 1160 1025 sit
1218 951 1434 1045 limpidum,

235 1081 371 1154 coloris
400 1080 619 1171 [lavo-tusci,
661 1080 809 1173 saporis
843 1079 961 1152 amari
994 1085 1031 1153 et
1064 1078 1243 1171 ponderis
1271 1078 1436 1173 specifioi

241 1208 478 1281 100-105.
524 1207 700 1281 Solvatur
745 1207 898 1300 limpide
945 1206 985 1279 in
1023 1206 1156 1299 spiritu
1192 1206 1269 1280 vini
1303 1206 1432 1298 dilut0,

236 1335 384 1409 turbide
404 1334 443 1407 in
462 1355 572 1426 aqua.

344 1462 487 1536 Solutio
524 1461 687 1535 Extracti
723 1463 762 1535 in
796 1462 928 1555 spiritu
965 1462 1041 1534 vini
1079 1462 1195 1535 diluto
1241 1463 1277 1553 (1
1300 1491 1348 1525 =
1371 1460 1434 1558 10)

235 1590 370 1663 additis
391 1588 504 1682 guttis
529 1589 721 1661 nonnullis
741 1589 940 1662 solutionis
955 1610 1123 1681 aquosae
1137 1588 1215 1662 iodi
1230 1610 1317 1662 cum
1336 1589 1434 1662 kalio

235 1717 361 1791 iodato
381 1716 665 1808 praecipitatum
694 1715 880 1808 producat
898 1716 1276 1808 microcrystallinum
1298 1715 1435 1789 coloris

235 1843 459 1931 ssavo-fusci,
482 1864 572 1915 mox
590 1843 853 1934 nigro-viridis.
943 1860 946 1867 ·

348 1972 425 2044 100
441 1971 605 2043 Extracti
624 1976 751 2061 partes
771 1975 995 2062 evaporatae
1015 1970 1064 2044 ad
1079 1970 1223 2043 siceum
1242 1991 1290 2043 ne
1308 1971 1435 2043 minus

235 2099 374 2173 residui
393 2097 593 2171 exhibeant
611 2119 726 2190 quam
744 2103 871 2190 partes
892 2097 956 2171 05.

295 2425 802 2535 minuetum
839 2421 1375 2559 Hnorcmrmt.

347 2606 505 2679 Paretur
533 2628 553 2679 e
572 2604 686 2677 Foliis
706 2604 921 2703 Hyoscyomi
940 2618 997 2688 (nn
1020 2612 1063 2680 ut
1090 2612 1298 2681 extractum
1317 2607 1436 2680 Bella·

238 2736 388 2809 donnae
409 2734 592 2807 loliorum.

346 2862 401 2936 Sit
430 2862 567 2934 coloris
598 2860 759 2934 obscure
790 2883 809 2934 e
837 2861 946 2935 viridi
964 2862 1076 2951 iusci;
1096 2863 1265 2936 solvatur
1282 2862 1436 2955 limpide

236 2989 276 3061 in
296 3010 396 3082 aqua
414 3009 565 3062 necnon
585 2987 625 3060 in
644 2988 777 3081 spiritu
795 2989 872 3060 vini
892 2989 1020 3062 diluto.

347 3116 491 3204 Quodsi
520 3115 756 3205 solutionem,
784 3121 955 3207 paratam
986 3138 1006 3190 e
1035 3121 1244 3208 grammate
1273 3116 1436 3190 Extracti

238 3244 279 3317 in
313 3242 539 3316 centimetris
583 3242 725 3316 cubicis
770 3243 820 3315 00
864 3264 985 3335 aquae
1024 3243 1312 3340 exquassaveris
1350 3264 1436 3317 cum

239 3370 466 3445 centimetris
496 3369 637 3444 cubicis
671 3371 719 3442 10
749 3369 1014 3459 chloroiormii,
1045 3369 1271 3444 solutionem
1291 3370 1435 3444 chloro-

239 3498 435 3570 iormicam
448 3497 665 3570 liberareris
682 3519 706 3569 a
726 3497 991 3570 chlorolormio
1012 3502 1049 3571 et
1066 3497 1261 3570 residuum
1280 3498 1435 3571 solveris

240 3624 280 3697 in
295 3623 521 3698 centimetris
542 3623 681 3697 cubicis
699 3624 750 3697 00
763 3645 885 3716 aquae
901 3624 1111 3697 ebullientis
1126 3624 1250 3717 liquor
1263 3625 1435 3714 filtratuS,

239 3751 367 3825 addita
385 3756 490 3843 gutta
509 3751 720 3824 ammoniae
740 3773 788 3824 ne
808 3751 1019 3827 ssuorescat.

349 3878 547 3968 Quantitas
581 3879 850 3953 alcaloidorum
883 3879 1044 3952 Extracti
1085 3878 1311 3972 Hyoscyami
1349 3901 1434 3954 exa·

240 4007 402 4080 minetur
431 4005 577 4100 aequali
604 4006 719 4078 modo
749 4012 791 4081 ut
818 4007 920 4099 apud
941 4009 1148 4079 extractum
1180 4005 1436 4080 Belladonnae

223 4134 414 4208 ,foliorum
437 4133 723 4226 praescriptum3
753 4134 800 4207 sit
825 4134 1161 4225 decigrammatum
1188 4132 1299 4207 trium
1324 4134 1379 4226 (3)
1398 4135 1437 4207 in

241 4260 419 4354 grammis
443 4260 518 4333 100
538 4260 710 4333 Extraeti.
733 4260 877 4349 Quodsi
896 4260 1078 4334 efficiatur
1095 4261 1246 4354 pondus
1265 4262 1438 4354 producti

241 4389 415 4482 superius
436 4390 625 4481 quantitas
654 4389 885 4463 substantiae
906 4389 1133 4463 alcaloideae
1158 4389 1361 4462 reducatur
1388 4390 1436 4463 ad

242 4516 488 4610 quantitatem
519 4518 789 4610 praescriptam
812 4519 927 4591 modo
947 4518 987 4589 in
1007 4517 1162 4590 articulo
1197 4516 1362 4608 generali
1390 4517 1436 4590 de

241 4643 423 4717 Extrartis
444 4642 642 4736 descripto.
