3725 5400
725 506 961 581 -201—

243 727 322 802 fida
328 727 473 801 laciniis
486 726 689 801 linearibus
704 725 926 800 acuminatis
941 726 1200 818 integerrimis.
1216 726 1302 801 Flos
1317 726 1442 799 termi-

245 854 342 929 nalis
378 854 600 950 plerumque
638 852 829 926 solitarius,
869 854 1009 927 corolla
1054 853 1228 946 speciosa
1270 854 1443 927 10-12·

244 982 369 1076 petala
400 980 541 1069 citrino,
581 980 750 1073 carpellis
784 980 995 1054 rotundatis
1031 980 1200 1054 obsoleto
1229 980 1441 1069 reticulatis,

117 1186 120 1191 4
244 1107 413 1203 undique
432 1108 616 1197 velutinis,
651 1107 736 1181 stilo
761 1106 909 1181 adunco
935 1107 1157 1182 brevissimo
1186 1107 1386 1195 coronatis¹
1404 1108 1442 1180 in

244 1236 409 1311 fructum
428 1236 703 1327 subglobosum
737 1240 803 1309 aut
830 1239 984 1309 ovatum
1013 1235 1200 1308 confertis.
1230 1234 1357 1309 Herba
1384 1239 1443 1308 est

244 1362 413 1452 inodora,
439 1362 586 1456 saporis
611 1361 932 1436 subamaricantia

359 1490 434 1563 100
459 1489 539 1562 eius
564 1493 691 1582 partes
715 1489 922 1581 praebeant
946 1489 1099 1562 extracti
1128 1488 1261 1581 aquosi
1290 1488 1442 1562 minime

246 1622 372 1711 partes
394 1618 455 1690 dl.

359 1744 434 1816 100
458 1748 583 1836 partes
607 1744 744 1817 mercis
768 1764 817 1817 ne
837 1744 922 1836 plus
948 1764 1064 1836 quarn
1082 1748 1208 1836 partes
1238 1745 1286 1816 10
1308 1743 1442 1816 cineris

247 1871 385 1957 albiex
408 1875 488 1945 toto
513 1871 682 1944 solubilis
707 1872 746 1943 in
770 1870 878 1945 acido
913 1870 1199 1962 hydrocblorico
1219 1872 1442 1963 relinquant

266 2268 565 2379 Herba
609 2264 1019 2378 cannabis
1051 2265 1423 2380 Indicae.

362 2502 540 2579 Cannabis
571 2504 687 2577 actico
723 2504 772 2595 L„
813 2504 944 2598 planta
981 2525 1117 2594 annua
1158 2505 1197 2577 in
1234 2503 1365 2578 Persia
1406 2512 1443 2579 et

247 2631 354 2707 India
372 2632 541 2708 orientali
559 2632 747 2726 indigena,
767 2631 908 2706 ibidem
927 2652 971 2705 ac
991 2631 1092 2726 apud
1120 2653 1191 2705 uos
1221 2633 1443 2725 saepissime

248 2763 356 2836 culta

356 2889 595 2963 Summitates
614 2889 764 2982 plantae
784 2888 969 2962 femineae
994 2887 1173 2977 florentis,
1205 2889 1340 2982 partim
1368 2890 1444 2962 iarn

248 3017 468 3106 fructiferae,
506 3015 660 3089 nonnisi
706 3036 753 3089 ex
795 3014 903 3089 India
950 3016 1119 3089 orientali
1162 3015 1443 3107 depromendae
1481 3020 1483 3023 ’

250 3144 411 3218 siccatae
458 3143 837 3236 adpresso-pilosae,
887 3142 1059 3230 scabrae,
1102 3163 1234 3215 massa
1274 3144 1446 3217 resinosa

250 3277 399 3345 excreta
431 3270 479 3344 ad
513 3270 696 3344 anthuros
731 3270 885 3359 denseo,
923 3269 1085 3357 foliatos,
1127 3268 1444 3365 subcompressos

249 3399 535 3491 conglutinatae,
579 3397 676 3470 foliis
714 3397 905 3470 floralibus
948 3398 1170 3490 plerumque
1215 3397 1445 3491 simplicibus

250 3523 691 3612 lanceolam-linearibus
725 3524 888 3610 serratio,
921 3523 1079 3615 cymulis
1114 3523 1328 3597 axillaribus
1358 3546 1446 3597 con·

253 3651 369 3740 fertis,
402 3650 563 3724 bracteis
596 3649 814 3723 lanceolatis
849 3650 1001 3738 bifloris,
1030 3650 1230 3724 bracteolis
1259 3671 1447 3743 quemque

251 3780 382 3853 florem
416 3777 679 3872 vaginantibus
722 3778 1081 3866 ovato-lanceolam,
1118 3778 1252 3851 deinde
1284 3779 1448 3851 fructum

252 3906 492 3980 notissimum
510 3905 798 3980 includentibus.
823 4005 827 4013 q

361 4033 465 4107 Odor
477 4034 623 4107 Herbae
639 4009 859 4126 praesertim
871 4032 980 4106 tritae
1000 4037 1065 4104 aut
1078 4033 1233 4125 paulum
1249 4031 1449 4104 calefactae

254 4166 312 4234 est
332 4161 526 4254 peculiaris
546 4159 771 4234 narcoticus.

361 4287 441 4382 Ope
468 4287 706 4380 microscopii
735 4286 986 4359 observantur
1012 4286 1194 4379 imprimis
1223 4306 1450 4360 numerosae

252 4415 450 4507 glandulae
465 4415 638 4489 oleiferae
658 4414 828 4488 bullosae
843 4414 1080 4487 vesiculosae
1102 4413 1366 4505 subglobosae,
1385 4412 1451 4505 pili

250 4545 514 4617 unicellulares
529 4543 690 4615 maiores
707 4547 744 4615 et
757 4541 922 4615 minores
942 4541 1024 4614 basi
1042 4540 1175 4614 tumidi
1195 4538 1448 4627 eistolithiferi,

252 4670 292 4743 in
324 4671 521 4764 superficie
545 4669 748 4759 Verrucosi,
773 4669 813 4741 in
838 4667 962 4742 cinere
987 4668 1129 4742 herbae
1154 4669 1300 4758 integra
1327 4667 1450 4740 forma
