3725 5400
719 485 953 559 -aat-

235 702 510 795 hydrooxydati
541 708 878 797 supersaturatum,
918 703 1092 779 admixtis
1135 705 1248 797 guttis
1291 703 1433 796 aliquot

235 829 432 904 solutionis
451 831 537 903 serri
556 830 723 919 sulfurici
747 836 784 904 et
811 830 897 903 lerri
916 830 1203 925 sesquichlorati
1235 831 1284 905 od
1303 830 1430 904 ebulli-

216 977 219 985 ·
234 957 375 1031 tionem
390 958 608 1032 calefactum
628 961 665 1031 et
683 964 764 1031 tum
779 957 885 1030 acido
900 958 1187 1050 hydrochlorico
1203 957 1431 1032 acidulatum

235 1086 400 1159 colorem
420 1086 634 1158 caeruleum
661 1084 871 1160 reinduat.
900 1085 1094 1159 Filtratum
1114 1085 1214 1159 idem
1242 1083 1431 1158 ammonia

235 1216 560 1305 supersaturatum
579 1212 706 1286 addita
724 1212 910 1286 solutione
930 1212 1073 1305 argenti
1091 1213 1210 1286 uitrici
1229 1211 1431 1286 excedente

234 1338 432 1413 filtratione
460 1339 644 1432 liquorem
671 1341 861 1433 praebeat,
897 1340 972 1432 qui,
1008 1339 1115 1414 acido
1144 1340 1276 1414 uitrico
1306 1338 1430 1413 acidu-

233 1466 332 1541 latus
366 1468 414 1540 ad
457 1489 649 1542 summrun
691 1468 894 1563 opalescat,
943 1488 992 1542 ne
1023 1488 1114 1542 vero
1147 1466 1429 1561 praecipitatum

235 1615 432 1668 caseosum
454 1595 629 1689 deponat.

342 1722 641 1815 Decigrammata
660 1723 682 1795 l
702 1722 783 1796 lodi
802 1743 873 1817 ope
888 1723 1105 1816 grammatis
1125 1724 1140 1794 1
1160 1721 1245 1795 kalii
1263 1719 1378 1795 iodati
1391 1721 1431 1795 in

236 1849 413 1941 grammis
429 1850 481 1923 lt)
492 1871 613 1943 aquae
633 1851 768 1940 soluta,
795 1850 947 1924 minime
968 1851 1186 1925 centimetra
1196 1849 1327 1923 cubica
1340 1848 1428 1921 tao

235 1977 432 2052 solutionis
466 1978 726 2052 decinormalis
764 1978 875 2052 natrii
910 1976 1158 2052 thiosulfurici
1191 1980 1429 2065 consumant,

234 2107 278 2177 ut
294 2105 419 2199 liquor
438 2104 589 2181 decolor
608 2105 753 2180 evadat.

447 2393 657 2529 llaliun
685 2394 946 2529 aceticun
974 2393 1220 2529 solutum.

235 2615 309 2710 Rp:
343 2617 717 2709 rancoremque
1177 2619 1295 2712 parus
1379 2614 1430 2688 50
1578 2659 1584 2669 ·

305 2744 448 2819 sensim
466 2743 594 2836 ingere
614 2744 652 2817 in

340 2873 435 2945 lcidt
455 2873 576 2944 scotici
594 2872 694 2944 diluti
1170 2875 1294 2968 partes
1339 2869 1427 2942 140.

341 2999 480 3091 Liquor
508 2999 653 3072 calefiat
681 2999 729 3072 ad
750 2999 846 3072 acidi
865 2999 1054 3072 carbonici
1081 2998 1284 3092 perfectam
1303 2997 1429 3090 expul-

233 3126 390 3214 sionem,
412 3126 499 3199 dein
517 3130 664 3199 tantum
679 3126 757 3200 sive
777 3125 862 3198 kalii
877 3125 1076 3217 sarbonici,
1098 3125 1175 3199 sive
1192 3124 1288 3198 acidi
1302 3123 1429 3198 acetici

233 3252 403 3342 addatur,
435 3259 618 3348 quantum
646 3254 693 3327 ad
727 3253 1073 3327 neutralisationem
1105 3252 1314 3346 requiritur.
1345 3250 1429 3340 Quo

232 3380 329 3454 lacto
362 3380 486 3473 liquor
517 3381 676 3455 filtratus
717 3381 757 3454 in
793 3381 928 3455 balneo
972 3402 1093 3473 aquae
1127 3385 1349 3474 evaporatur
1382 3378 1429 3452 ad

232 3506 383 3600 pondus
403 3507 618 3600 speoificum
642 3508 740 3581 ΜΟ.

340 3634 480 3726 Liquor
503 3634 679 3727 limpidus
705 3634 866 3725 decolor,
897 3636 975 3708 lere
1003 3640 1153 3722 nentem
1180 3633 1307 3707 addito
1331 3633 1429 3707 ferro

233 3761 531 3857 sesquichlorato
552 3763 676 3836 soluto
696 3763 861 3836 colorem
875 3762 1023 3836 intense
1043 3762 1199 3835 rubrum
1213 3760 1336 3852 trahit,
1357 3781 1429 3855 ope

232 3887 284 3962 fili
323 3888 473 3982 platinei
511 3889 626 3962 limbo
664 3890 838 3965 flammae
880 3912 1015 3984 parum
1051 3889 1211 3965 lucentis
1254 3888 1429 3963 admotus

233 4014 424 4089 flammam
443 4016 567 4090 colore
587 4017 753 4091 violaceo
772 4017 898 4091 inficit

342 4141 568 4217 Centimetra
603 4145 735 4219 cubica
773 4145 820 4218 10
852 4144 946 4218 Kalii
973 4143 1101 4220 ecatici
1133 4142 1246 4218 soluti
1282 4143 1429 4236 aequali

232 4270 421 4344 volumine
455 4292 577 4368 aquae
611 4271 728 4346 diluta
760 4294 829 4347 nec
867 4293 967 4366 aqua
1004 4271 1319 4365 hydrosuliurata,
1358 4290 1429 4344 nec

234 4397 340 4471 acido
370 4398 501 4471 nitrico
535 4399 721 4474 acidulata
752 4400 869 4492 baryo
903 4400 1035 4474 uitrico
1068 4394 1193 4474 soluto
1225 4401 1427 4488 mutentur,

233 4528 388 4616 argento
407 4524 539 4600 uitrico
558 4527 682 4600 soluto
701 4526 750 4601 ad
770 4548 962 4602 summurn
982 4527 1209 4621 opalescant.

341 4650 850 4728 Kaliumaceticumsolutum
859 4675 907 4729 ne
917 4655 967 4729 sit
976 4653 1104 4729 odoris
1115 4652 1428 4748 empyreumatici.
