3725 5400
938 485 1124 555 ..4-

504 695 654 771 Macen
680 693 720 771 in
745 696 883 791 lagena
908 698 1043 773 clausa
1077 720 1147 794 per
1179 700 1227 773 12
1257 700 1383 792 horas,
1412 707 1493 777 tom
1528 696 1625 778 adde

540 826 637 899 Actu
649 826 774 899 melici
792 827 894 900 diluti

540 953 568 1026 l
589 971 654 1025 nae
1615 1012 1626 1031 .

505 972 651 1152 Megara
668 1078 795 1154 denuo
808 1100 878 1174 par
891 1081 916 1154 8
930 1081 1025 1172 dies,
1044 1086 1126 1157 tum
1141 1083 1233 1175 cola,
1251 1083 1416 1178 exprime
1428 1084 1588 1159 etfiltra.

540 1206 682 1301 liquor
702 1206 880 1301 limpidus
906 1208 1047 1302 luscus
1076 1210 1205 1284 odoris
1234 1215 1271 1285 et
1297 1211 1445 1305 sapoiis
1465 1211 1565 1285 acidi
1589 1216 1626 1286 et

431 1333 637 1423 aromatici,
665 1334 844 1451 pondens
863 1335 1027 1430 specifici
1049 1338 1192 1410 100-
1215 1338 1316 1412 ΜΟ.

571 1766 796 1905 loom
813 1768 1213 1941 pyrolglosm
1243 1770 1479 1907 crudum

539 2043 680 2137 Liquor
697 2045 838 2135 fuscae,
856 2044 980 2138 picem
997 2045 1180 2138 liquidam
1199 2051 1237 2121 et
1265 2046 1416 2123 acidum
1440 2049 1625 2125 aceticum

432 2171 618 2262 redolens,
650 2172 797 2267 oapo1is
831 2169 928 2247 acidi
961 2173 999 2247 et
1030 2173 1286 2266 ammiusculi3
1321 2175 1411 2249 dum
1440 2181 1623 2266 servatur,

431 2299 606 2375 mateiias
626 2298 812 2395 qualitatis
828 2297 924 2393 picis
938 2298 1101 2395 liquidae
1120 2300 1283 2394 deponit

540 2424 727 2501 Volumen
745 2426 1122 2521 1Acctipyrclignosi
1136 2428 1241 2503 crudi
1256 2429 1445 2505 volumine
1465 2431 1482 2503 1
1502 2451 1624 2525 aquae

429 2554 590 2631 dilutum
637 2557 675 2629 et
713 2552 890 2628 filtratum
935 2573 1007 2629 nec
1052 2575 1153 2648 aqua
1197 2553 1515 2647 hydrosulfurata,
1553 2577 1623 2632 nec

432 2679 624 2760 ammonia
667 2679 953 2758 neutralisatum
998 2680 1145 2758 adiecto
1192 2682 1383 2758 ammonio
1439 2683 1624 2760 sulfurato

432 2812 611 2898 mutatum
630 2808 817 2885 solutione
836 2808 944 2906 boiyi
963 2808 1084 2885 niuici
1103 2814 1140 2886 et
1162 2810 1307 2906 argenti
1324 2810 1445 2886 nitrici
1471 2811 1625 2888 nonnisi

432 2937 691 3032 opalesceiiter
709 2937 886 3010 turbetur.

538 3063 669 3137 Partes
692 3064 768 3136 100
787 3061 894 3137 Aceti
908 3063 1140 3158 pyrolignosi
1159 3063 1264 3138 crudi
1283 3063 1499 3139 contineant
1517 3064 1623 3139 mini·

429 3213 535 3267 mum
561 3195 688 3286 partes
718 3190 742 3264 6
762 3189 860 3263 acidi
887 3190 1031 3265 acetici.
1050 3190 1145 3264 Hinc
1169 3191 1388 3264 centimetra
1416 3191 1550 3265 cubica
1573 3193 1622 3266 10

430 3318 547 3392 mixta
565 3339 651 3391 cum
668 3315 893 3391 centimetris
913 3316 1056 3392 cubicis
1075 3318 1125 3390 10
1139 3316 1336 3391 solutionis
1352 3317 1622 3393 acidimetiicae

428 3445 608 3521 normalis
626 3444 856 3522 reactionem
872 3444 1073 3520 elcalinam
1091 3464 1142 3520 ne
1161 3443 1373 3520 exhibeant

790 3858 1015 3993 Acetum
1044 3856 1254 3992 scillae.

427 4136 502 4229 Rp:
535 4138 633 4210 Bulbi
652 4137 775 4210 scillae
793 4133 966 4209 minutim
986 4132 1126 4207 concisi
1144 4145 1178 4217 (1)
1197 4137 1236 4207 et
1252 4133 1382 4208 siccati

536 4265 777 4357 spiritualim
1302 4257 1350 4333 ᾶᾶ
1363 4266 1486 4356 portes
1572 4264 1622 4336 10

533 4392 631 4462 loidi
648 4391 770 4462 aeolici
790 4390 891 4461 diluti
1361 4392 1487 4483 paros
1572 4390 1619 4463 17

534 4521 647 4609 lonae
1366 4520 1487 4610 polteo
1558 4516 1620 4590 73.

497 4643 647 4718 Macera
663 4663 732 4736 per
752 4642 774 4714 8
796 4641 887 4732 dieS,
909 4641 1072 4736 exprime
1090 4642 1224 4716 leniter
1237 4647 1275 4718 et
1293 4643 1400 4717 filtra
