3725 5400
716 462 952 536 -145-

237 683 353 758 acidis
382 682 517 769 dilutis,
545 680 831 775 hydrochlorico
856 685 893 754 et
920 680 1111 770 suliun'cO,
1129 681 1207 754 iere
1225 682 1336 774 plane
1356 684 1431 758 sol·

239 811 334 884 vitur
361 809 594 902 hydrogenio
628 808 783 896 emisso;
814 808 945 882 charta
963 808 1091 882 bibula
1109 808 1263 902 plumbo
1290 809 1429 883 ucetico

236 939 360 1011 soluto
384 938 599 1010 humectata
618 957 665 1009 ne
685 935 812 1009 statim
829 936 1029 1009 hiscescat.

344 1065 446 1138 Haec
488 1064 624 1138 solutio
663 1068 701 1136 et
741 1084 880 1154 magno
924 1064 1114 1137 volumine
1152 1085 1274 1157 aquae
1313 1064 1431 1139 diluta

237 1191 381 1266 adiecta
404 1192 590 1266 solutione
614 1191 700 1264 kalii
718 1190 955 1283 ferricyanati
977 1191 1260 1284 praecipitatum
1282 1191 1430 1266 intense

236 1322 449 1394 caenrleum
481 1320 642 1394 exhibet.
677 1319 851 1392 Ceterum
893 1319 1030 1392 solutio
1061 1318 1350 1411 hydrochlorica
1382 1319 1430 1392 ad

236 1448 425 1540 reagentia
435 1448 604 1536 eandem,
615 1467 711 1538 quae
721 1446 820 1519 ferro
830 1445 1431 1538 pulveratorespondetrationem

235 1577 423 1668 praebeat.

345 1702 561 1776 Grammatn
580 1701 603 1773 h
618 1700 722 1774 Ferri
736 1700 880 1773 reducti
890 1722 978 1773 cum
988 1700 1215 1774 centimetris
1226 1701 1366 1774 cubicis
1382 1703 1429 1774 10

236 1851 357 1921 aquae
390 1832 645 1922 conquassata
676 1828 855 1901 filtretum
884 1827 1095 1916 exhibeant,
1130 1828 1233 1920 quod
1266 1828 1429 1901 colorem

236 1953 385 2028 chartae
401 1955 671 2047 exploratorias
686 1976 734 2027 ne
749 1959 868 2027 mutet
877 1975 971 2026 neve
983 1959 1226 2046 evaporatum
1235 1955 1430 2028 residuum

235 2082 476 2174 ponderabile
495 2082 692 2173 relinquat.

343 2208 642 2300 Decigrammata
666 2209 688 2280 1
709 2207 811 2280 Ferri
844 2207 987 2280 reducti
1022 2211 1059 2280 et
1092 2208 1177 2281 helii
1206 2209 1358 2283 chierici
1390 2210 1430 2282 in

234 2336 335 2408 fictili
353 2336 590 2428 porcellaneo
611 2357 698 2408 curn
718 2335 944 2408 centimetris
964 2335 1103 2408 cubicis
1125 2335 1147 2407 h
1169 2336 1265 2409 acidi
1290 2336 1427 2430 hydro·

236 2463 387 2536 chlorici
419 2462 545 2549 mixta,
580 2467 732 2555 peracta
763 2462 952 2535 reactiono
986 2462 1026 2535 in
1049 2464 1185 2536 balneo
1206 2484 1326 2555 aquae
1347 2485 1431 2537 eva·

234 2594 428 2683 porantur;
449 2589 645 2662 residuum
663 2590 703 2661 in
723 2589 949 2663 centimetris
969 2590 1110 2663 cubicis
1131 2590 1153 2663 h
1176 2590 1270 2663 acidi
1294 2591 1430 2683 hydro·

234 2718 384 2791 chierici
403 2719 570 2791 solutum
590 2724 627 2792 et
643 2719 823 2793 filtratum
842 2719 977 2791 additis
998 2718 1224 2793 centimetn's
1244 2719 1383 2793 cubicis
1405 2721 1427 2791 3

233 2845 430 2919 solutionis
441 2844 566 2918 stanni
577 2845 732 2919 chlorati
745 2846 841 2918 inter
850 2844 985 2918 horam
996 2845 1160 2918 colorem
1171 2845 1429 2919 obscuriorem

234 2994 281 3045 ne
301 2973 464 3066 accipiat

341 3099 384 3171 In
412 3099 615 3172 miscellam
644 3121 664 3172 e
694 3099 953 3189 decigrammis
989 3102 1010 3171 3
1039 3099 1141 3173 Ferri
1172 3099 1316 3173 reducti
1344 3122 1430 3174 curn

239 3227 465 3300 centimetris
494 3226 633 3300 cubicis
667 3227 715 3298 10
749 3224 946 3297 solutionis
975 3226 1060 3298 lalii
1087 3226 1202 3299 iodati
1227 3227 1429 3319 decigram·

233 3360 336 3427 mata
355 3353 401 3426 15
421 3354 497 3426 iodi
516 3352 660 3426 contriti
679 3351 933 3443 refrigerando
949 3357 986 3425 et
1005 3353 1180 3444 agitando
1198 3353 1429 3446 ingeruntur,

233 3483 333 3554 ferro
350 3487 386 3553 et
399 3480 487 3553 iodo
502 3482 612 3574 plane
629 3480 753 3552 soluto
767 3479 893 3576 liquor
907 3479 956 3552 ad
972 3480 1191 3553 centimetra
1205 3481 1336 3554 cubica
1355 3481 1429 3553 100

236 3609 374 3681 dilutus
403 3608 607 3700 seponitur.
625 3607 849 3679 Centhnetra
868 3608 1000 3680 cubica
1029 3610 1080 3680 50
1099 3609 1212 3681 huius
1232 3608 1430 3681 solutionis

234 3735 408 3827 limpidae
428 3757 476 3808 ne
495 3736 580 3828 plus
602 3756 715 3827 quarn
735 3735 953 3808 centimetra
972 3736 1103 3810 cubica
1126 3736 1209 3807 10·ss
1231 3734 1430 3808 solutionis

235 3862 343 3935 natrii
385 3861 632 3935 thiosullurici
674 3861 937 3935 decinormalis
975 3861 1180 3960 requirant,
1220 3865 1263 3934 ut
1301 3861 1431 3935 iodum

235 3989 358 4061 adhuc
376 3989 536 4062 liberum
554 3988 739 4080 iungatur.

235 4275 455 4409 lenum
484 4275 965 4446 sesquichloratun
993 4276 1427 4446 crystallisaturn.

342 4496 468 4568 Massa
485 4497 698 4589 crystallina
716 4498 823 4584 flava,
846 4497 884 4569 in
899 4504 985 4570 aere
1004 4497 1228 4588 liquescens
1258 4497 1297 4570 in
1317 4518 1427 4590 aqua,

234 4622 365 4714 spiritu
382 4623 458 4695 vini
478 4628 515 4696 et
534 4622 684 4696 aethere
704 4624 814 4716 plane
836 4623 1019 4711 solubilis;
1040 4624 1100 4696 vix
1124 4624 1273 4698 acidum
1291 4622 1426 4715 hydro·

286 4759 475 4815 ramaeopou.
1177 4763 1210 4816 10
