3725 5400
710 523 954 596 -323—

230 747 271 821 in
296 746 428 841 spiritu
455 743 531 818 vini
560 750 596 819 et
627 744 666 816 in
691 741 842 816 aethere
872 738 1053 814 solubiles
1083 737 1336 812 solutionibus
1367 736 1432 810 ad·

232 874 390 949 modum
409 870 693 966 glutinentibus

340 1001 434 1075 Pars
485 999 501 1071 1
551 997 716 1073 Resinae
756 997 985 1091 pulveratue,
1021 1013 1108 1068 oum
1154 992 1324 1088 pertibus
1382 993 1431 1066 10

231 1127 444 1203 ammoniae
491 1125 644 1219 saepius
699 1123 876 1218 agitando
936 1143 1005 1217 per
1050 1122 1187 1195 horam
1238 1118 1431 1194 dimidiam

232 1256 410 1351 seposito,
428 1252 603 1328 filtrando
623 1252 809 1347 liquorem
830 1249 1029 1344 limpidum
1057 1253 1123 1323 aut
1149 1248 1264 1344 patrio
1285 1247 1433 1343 opales·

230 1387 381 1458 centem
412 1381 599 1477 praebeat,
628 1378 692 1474 qui
725 1377 832 1453 acido
867 1376 1009 1452 acetiro
1044 1380 1352 1471 supersatmatus
1382 1395 1430 1450 ne

232 1509 418 1585 turbetur.

344 1632 555 1711 Combusta
572 1633 715 1709 Resina
732 1633 911 1708 Dammer
940 1653 988 1705 ne
1017 1630 1090 1705 nisi
1108 1630 1268 1723 vestigia
1297 1630 1434 1705 cineris

232 1764 435 1862 relinquat.

456 1976 656 2112 Rosius
685 1975 908 2110 elostieo
938 1974 1213 2146 depurata.

507 2201 672 2284 Gummi
690 2202 904 2281 olestioum
925 2204 1179 2303 depuratum.

343 2357 1434 2459 HeveaBrosilienstsMtillerlirgov.etHeoeoGupanensis

233 2491 405 2581 Aublet,
427 2489 582 2563 arbores
602 2487 797 2564 Americee
816 2487 1071 2563 meridionalis
1090 2489 1267 2583 tropicae.

345 2617 490 2691 succus
509 2617 652 2691 lacteus
677 2617 898 2710 eoagulatus
928 2620 966 2691 et
998 2616 1170 2690 siccatus.
1198 2617 1433 2692 Adhibeatur

233 2747 361 2820 solum
378 2745 521 2820 Resine
545 2744 699 2819 elastiea
726 2744 910 2839 depurata
941 2744 981 2818 in
1000 2745 1159 2831 officinis
1188 2749 1366 2840 prostans
1393 2746 1433 2820 in

233 2871 370 2946 tabulis
390 2871 535 2946 circiter
552 2873 617 2946 0·5
634 2872 833 2947 millimetri
852 2873 1004 2963 crassis,
1020 2872 1226 2968 pellucidis,
1242 2871 1431 2968 pinguiter

232 2997 513 3073 subnitentibus
534 2998 690 3098 (Resina
708 2999 862 3074 elestiea
879 3000 918 3073 in
937 2998 1121 3095 lamellis).

345 3124 483 3199 Earum
497 3146 627 3199 messa
641 3131 700 3200 est
713 3126 849 3200 eoloris
870 3126 1075 3220 aequaliter
1088 3125 1326 3217 rubro-lusci,
1341 3131 1433 3201 tem·

234 3255 412 3346 perature
431 3253 620 3327 ordinario
636 3259 758 3345 tenax,
788 3254 1016 3328 extensibilis
1046 3258 1083 3328 et
1106 3253 1269 3345 elesino,
1289 3253 1430 3327 insolu-

233 3377 317 3452 bilis
340 3379 380 3452 in
399 3400 509 3473 aqua,
531 3380 663 3476 spiritu
680 3380 767 3469 vini,
793 3380 910 3455 acidis
940 3380 1066 3455 dilutis
1095 3385 1133 3454 et
1167 3380 1208 3454 in
1235 3380 1332 3454 kaiio
1367 3385 1433 3454 out

235 3506 357 3579 natrio
394 3505 678 3599 hydrooxydato
721 3507 858 3581 soluto.
907 3507 1003 3581 Cum
1049 3507 1212 3596 aethere,
1260 3507 1432 3598 benzolo,

232 3632 514 3724 chlorotormio,
533 3632 715 3728 imprimis
736 3655 822 3709 oum
842 3636 925 3709 oleo
951 3636 1127 3711 aethereo
1147 3634 1342 3709 Sessetres
1362 3656 1433 3709 neo

235 3780 315 3833 non
343 3780 429 3834 eum
454 3761 537 3834 oleo
565 3760 713 3834 resinae
738 3761 1055 3855 empyreumatiro
1073 3761 1258 3855 liquorem
1277 3761 1435 3856 praebet

234 3885 389 3959 badium
409 3890 475 3959 aut
493 3885 653 3961 obscure
682 3888 845 3961 fuscum,

633 4209 833 4346 Resino
861 4212 1044 4346 illem.

342 4429 485 4505 Resine
506 4431 659 4506 obtenta
677 4453 723 4507 ex
742 4432 875 4507 arbore
898 4434 938 4507 in
956 4434 1089 4508 insulis
1109 4434 1327 4528 Philippinis
1351 4455 1430 4508 non

234 4558 327 4632 satis
380 4559 592 4654 explorata,
645 4582 742 4653 quae
793 4560 1052 4635 verosimiliter
1102 4560 1298 4634 Canariam
1345 4582 1434 4632 com·

234 4709 339 4758 mune
359 4685 400 4758 L.
422 4691 491 4760 est.

1164 4827 1217 4881 nr*
