3725 5400
902 402 1110 474 ..56-

516 616 737 689 Balsamum
770 617 1051 709 Terebinrhina,
1085 619 1124 692 in
1156 621 1327 713 partibus
1366 622 1440 695 100
1473 627 1601 716 partes

411 742 570 816 70-85
584 745 733 816 resinae
754 748 791 817 et
808 750 935 836 partes
951 746 1110 820 30-15
1127 747 1199 820 olel
1214 747 1380 822 aetherei
1395 750 1602 839 continens,

410 871 449 943 in
468 870 603 944 balneo
624 891 745 963 aquae
766 871 989 946 calefactum
1008 873 1133 946 evadit
1150 874 1357 967 limpidum.

518 994 610 1071 Pars
657 1000 674 1072 1
716 998 882 1073 Balsami
914 999 1206 1075 Terebinthiuae
1244 1023 1331 1076 cum
1366 1002 1539 1096 partibus
1579 1007 1602 1078 5

410 1125 561 1218 spiritus
575 1126 651 1199 riui
666 1126 894 1201 solutionem
907 1128 1099 1221 limpidam
1113 1131 1303 1223 praebeat,
1324 1152 1421 1223 quae
1436 1133 1604 1206 chartam

410 1252 698 1344 exploratoriam
749 1255 960 1328 caeruleam
1015 1278 1117 1349 aqua
1159 1257 1414 1332 humefactam
1463 1259 1606 1332 fortiter

410 1380 623 1454 rubefaciat

683 1616 983 1751 Balsauun
1012 1618 1342 1754 lolutauuru.

522 1833 705 1932 Potuisera
724 1835 934 1911 Balsamnm
953 1838 1006 1926 L.‚
1037 1838 1149 1913 arbor
1175 1840 1352 1932 indigena
1378 1840 1418 1914 in
1435 1842 1609 1917 America

410 1964 655 2054 meridionali,
675 1966 898 2058 praesertim
916 1967 956 2039 in
975 1967 1121 2041 civitate
1139 1967 1172 2039 N
1174 1967 1502 2042 ova-Granatensi.

518 2090 649 2165 Massa
675 2094 852 2167 resinosa
890 2094 1011 2168 solida
1049 2095 1430 2187 micro-crystallina,
1471 2095 1607 2169 coloris

410 2219 647 2311 rubro-fusci,
684 2221 851 2310 friabilis,
886 2220 1084 2312 ⁴pulverem
1116 2222 1382 2296 flavescentem
1409 2225 1608 2315 praebens

412 2347 534 2420 calore
555 2348 815 2437 emollescenS,
837 2348 963 2421 odoris
982 2348 1143 2422 balsami
1162 2348 1362 2422 Peruviani
1381 2350 1607 2439 suavissimi,

412 2474 561 2567 saporis
581 2475 937 2549 aromatico-aciduli
957 2497 1040 2549 cum
1060 2476 1135 2550 leni
1154 2476 1336 2551 acredine.

520 2603 740 2677 Balsamum
758 2604 988 2679 Tolutanum
1007 2612 1063 2679 cst
1085 2605 1244 2679 solubile
1263 2607 1301 2678 in
1321 2606 1452 2699 spiritu
1465 2605 1552 2695 vini,
1567 2607 1607 2680 in

413 2708 678 2805 chloroformio
694 2738 731 2806 et
746 2733 784 2806 in
798 2733 897 2807 lralio
912 2734 1197 2827 hydrooxydalo
1214 2735 1351 2822 soluto,
1369 2733 1438 2808 sed
1451 2735 1607 2828 paulum

414 2859 571 2932 solubile
604 2859 643 2932 in
676 2861 826 2934 aethere
850 2861 1007 2955 petrolei
1041 2867 1078 2934 et
1109 2861 1147 2933 in
1181 2860 1369 2935 carboneo
1409 2861 1604 2935 sulfurato.

522 2984 663 3058 Solutio
693 2987 901 3061 alcoholica
928 2987 1084 3081 limpida
1116 2987 1286 3062 chartam
1319 2988 1607 3082 exploratoriam

412 3113 625 3186 caeruleam
643 3114 858 3188 rubefaciat.

519 3237 613 3312 Pars
643 3241 847 3314 1Balsarni
876 3262 942 3333 per
971 3242 1113 3334 aliquot
1141 3241 1287 3315 minuta
1315 3242 1494 3316 calefacta
1522 3261 1608 3314 cum

412 3367 583 3463 partibus
626 3369 674 3440 10
709 3390 830 3462 aquae
870 3369 983 3443 calcis
1020 3369 1175 3464 praebet
1211 3368 1386 3443 filtrando
1424 3368 1608 3460 liquorem

412 3497 564 3587 flavum,
609 3496 672 3589 qui
715 3496 822 3570 acido
865 3496 1153 3589 hydrochlorico
1198 3496 1409 3571 acidulatus
1456 3494 1610 3569 decolor

318 3701 323 3706 ,
415 3623 541 3698 evadit
558 3631 596 3699 et
623 3625 862 3717 refrigeratus
893 3624 1092 3717 crystallus
1113 3625 1309 3699 decolores
1329 3623 1498 3697 demittit.

417 3948 944 4061 Btamutlmm
976 3942 1610 4087 ambualltmm.*)

522 4133 649 4207 Pulvis
669 4134 886 4227 amorphuS,
900 4133 1153 4227 ponderosus
1172 4132 1307 4206 coloris
1329 4118 1496 4221 sulfurei,
1516 4131 1608 4204 odo·

414 4261 466 4333 ris
495 4265 533 4334 et
560 4261 708 4353 saporis
737 4282 882 4354 expers
914 4260 1125 4335 insolubilis
1158 4260 1197 4333 in
1230 4281 1331 4353 aqua
1362 4278 1432 4332 nec
1464 4279 1543 4331 non
1569 4257 1610 4331 in

413 4388 546 4481 spiritu
564 4388 641 4461 vini
660 4389 754 4463 etin
774 4390 934 4463 aethere.

525 4601 551 4671 ⁸)
566 4599 694 4655 Occurrit
703 4604 732 4656 in
745 4608 898 4656 mercatura
910 4603 962 4656 sub
976 4600 1087 4655 nomine
1104 4599 1283 4664 ‚Dermatol‘,
