3725 5400
485 1444 698 1578 Notae
740 1442 809 1573 ot
843 1438 1291 1572 indicationes
1335 1439 1680 1612 speoialas.

600 1771 633 1843 1.
655 1769 727 1844 Ubi
741 1768 779 1842 in
793 1772 896 1841 textu
909 1766 1239 1858 Pharmaropoeae
1258 1767 1422 1858 loquitur
1441 1767 1486 1840 de
1501 1768 1681 1860 partibus

486 1904 639 1993 partes
658 1896 867 1990 ponderis
886 1894 1148 1986 intelligrmtur.

599 2025 634 2097 2.
654 2023 712 2098 Ad
733 2020 1026 2097 examinandum
1045 2028 1308 2114 praeparatum
1333 2022 1542 2096 rhemicum
1566 2044 1683 2115 quan-

488 2155 575 2229 titas
595 2151 828 2225 substantiae
854 2150 1087 2224 adhibendae
1113 2155 1178 2223 aut
1201 2151 1453 2224 concontratio
1487 2149 1684 2224 solutionis

489 2280 720 2379 praescripta
738 2283 807 2352 est.

602 2410 636 2479 3.
655 2406 733 2481 Sub
766 2405 918 2480 nomine
954 2405 1191 2478 solutionis
1223 2405 1446 2498 intelligitur,
1479 2405 1552 2478 nisi
1584 2404 1686 2478 aliud

493 2534 766 2629 praescriptum
786 2537 854 2621 est,
876 2533 1040 2606 solutio
1060 2554 1239 2625 aquosa

600 2662 636 2735 4.
651 2659 695 2734 In
708 2660 851 2734 ratione
866 2660 1117 2755 proportionis
1133 2660 1329 2735 solutionis
1345 2658 1529 2752 signifieat
1546 2661 1619 2733 l=
1629 2660 1685 2750 10,

497 2790 626 2863 1:20
647 2793 726 2878 eto,
747 2792 790 2862 ut
811 2810 899 2881 pars
936 2789 953 2860 1
977 2789 1209 2862 substantiae
1242 2789 1469 2882 inpartibus
1499 2790 1522 2861 9
1557 2794 1622 2862 aut
1648 2788 1688 2860 in

492 2917 662 3014 partibus
687 2916 734 2989 19
755 2921 823 2989 eto.
843 2915 976 3008 liquidi
991 2918 1168 2990 solvatur.

603 3046 638 3117 5.
656 3043 714 3117 Ad
734 3043 1004 3117 examinandas
1025 3044 1232 3118 solutiones
1251 3043 1297 3117 de
1316 3044 1446 3137 regula
1463 3043 1584 3118 tubuli
1601 3063 1687 3137 pro-

492 3170 625 3245 batorii
654 3169 824 3243 diametri
854 3169 1151 3244 millimetrorum
1176 3170 1227 3243 20
1260 3176 1298 3245 et
1329 3170 1527 3245 solutionis
1551 3170 1688 3244 exami-

494 3297 642 3372 nandae
663 3297 880 3370 centimetra
898 3297 1030 3371 cubica
1053 3299 1101 3371 10
1121 3298 1381 3372 adhibeantur.

604 3423 641 3496 6.
661 3422 740 3497 Sub
760 3431 918 3516 „aqua‘
939 3425 1186 3499 communiter
1199 3424 1441 3516 intelligenda
1455 3430 1514 3499 est
1527 3431 1564 3499 et
1583 3425 1689 3500 adhi-

494 3550 621 3626 benda
648 3551 696 3624 ad
726 3572 859 3625 omnes
889 3552 1126 3644 operationes
1164 3549 1396 3650 (solutiones
1426 3553 1690 3642 extractiones)

496 3699 610 3772 aqua
628 3678 865 3768 destillata,
877 3679 949 3751 sub
964 3679 1142 3771 „spiritus
1156 3679 1256 3752 vini“
1275 3679 1491 3772 intelligitur
1506 3679 1691 3773 spiritus

496 3805 597 3880 Vini
617 3811 943 3880 concentratus.

610 3935 645 4006 7.
656 3934 714 4006 Ad
731 3932 1068 4007 dinumerationem
1087 3939 1309 4026 guttarum
1327 3935 1455 4028 liquidi
1470 3936 1692 4009 adhibeatur

498 4065 702 4155 apparatus
713 4060 1160 4154 propriuS‚praesoriptus
1175 4062 1405 4136 conferentia
1419 4062 1694 4136 intemationali

499 4188 743 4278 Bruxellensi,
751 4189 883 4262 tubulo
894 4189 1110 4263 deductorio
1120 4190 1325 4264 instructus
1337 4190 1508 4265 diametri
1521 4195 1693 4265 accurate

501 4317 797 4390 millimetrorum
815 4316 928 4391 trium
948 4316 1077 4391 orificii
1096 4318 1237 4392 externi
1255 4318 1318 4406 ita,
1345 4323 1389 4392 ut
1405 4319 1584 4412 praebeat
1601 4322 1693 4392 tem·

501 4449 677 4538 peratura
699 4443 771 4516 150
791 4447 914 4534 guttas
929 4443 1058 4536 viginti
1071 4445 1346 4536 respondentes
1361 4446 1557 4537 grammati
1572 4466 1693 4539 aquae

503 4570 721 4645 destillatae.
