3725 5400
909 462 1148 536 -124-

439 678 944 791 meracium
987 677 1269 817 11111111
1313 679 1635 795 Sectam

844 839 1225 973 fluidum.

632 1049 879 1129 Extractum
901 1048 1055 1130 Seoalis
1077 1051 1239 1132 cornuti
1259 1049 1437 1130 fluidum.

432 1224 510 1318 Rp:
542 1228 652 1317 ilungl
671 1228 798 1300 8111111
819 1238 876 1309 (tv)
1375 1233 1499 1325 parter
1545 1229 1631 1303 100.

505 1353 549 1426 In
563 1358 747 1447 apparatu
760 1353 978 1447 depulsorio
995 1376 1068 1448 ope
1084 1354 1246 1429 aetheris
1261 1356 1417 1449 petrolei
1430 1355 1594 1450 perfecte
1610 1378 1633 1430 a

433 1480 660 1574 pinguedine
693 1480 898 1555 liberentur
931 1485 969 1555 et
1000 1482 1124 1576 pulvis
1158 1503 1282 1577 usque
1316 1483 1365 1557 ad
1408 1484 1633 1578 completam

434 1609 741 1699 evaporationem
760 1609 926 1683 aetheris
945 1610 1117 1684 siccetur.

507 1736 605 1810 Tum
628 1736 807 1810 humecta
829 1738 1025 1830 pulverem
1050 1736 1295 1831 aequabiliter
1323 1759 1410 1811 cum
1428 1737 1632 1812 miscellae

544 1867 714 1956 Glycerlnl
1328 1861 1497 1961 partibus
1608 1863 1631 1938 5

544 1994 690 2083 Spiritus
709 1993 786 2063 Vini

542 2123 654 2209 Aquae
1269 2096 1496 2213 coportibur
1571 2117 1633 2191 10.

508 2244 658 2338 Sepone
672 2266 762 2318 vase
777 2250 875 2318 tecto
890 2265 959 2338 per
973 2245 1089 2318 horas
1112 2244 1150 2335 3;
1170 2248 1252 2318 turn
1265 2246 1393 2337 ingere
1411 2265 1581 2318 massam
1594 2245 1633 2318 in

436 2375 660 2466 apparatum
698 2371 958 2465 depulsorium
995 2377 1033 2445 et
1078 2371 1348 2464 supereffunde
1387 2372 1633 2465 quantitatem

436 2498 684 2572 sufficientem
716 2519 847 2592 aquae.
880 2496 1028 2592 Elapsis
1058 2496 1162 2570 horis
1197 2497 1248 2571 48
1278 2498 1520 2592 sepositionis
1539 2520 1634 2592 para

436 2626 589 2701 extracti
624 2629 751 2721 partes
779 2626 866 2717 100,
897 2629 940 2700 ut
972 2625 1019 2699 de
1054 2624 1228 2700 extractis
1262 2625 1387 2700 fluidis
1424 2625 1634 2720 praescrip·

435 2759 516 2828 tum
536 2758 601 2829 est
1161 2747 1163 2752 '

543 2881 687 2975 Liquor
717 2881 862 2971 fuscae,
897 2879 1026 2954 odoris
1058 2880 1269 2974 peculiaria,
1307 2881 1486 2974 ponderis
1519 2881 1637 2975 speci·

434 3009 498 3083 fici
517 3006 987 3083 1·05-1·10.Residuum
1005 3008 1147 3081 siccum
1167 3008 1216 3081 sit
1233 3007 1386 3081 minime
1405 3008 1635 3101 1111111110

436 3158 457 3210 1
476 3137 645 3231 partibus
669 3137 744 3209 100
764 3135 937 3208 Extracti

545 3264 688 3336 Solutio
718 3283 865 3354 aquosa
889 3259 925 3361 (1
943 3293 992 3326 =
1008 3263 1072 3354 10)
1102 3261 1230 3336 addita
1258 3267 1295 3335 11
1323 3262 1510 3336 solutione
1541 3263 1637 3336 acidi

435 3391 575 3464 tannici
603 3395 640 3463 et
666 3389 886 3482 hydrargyri
914 3388 1110 3463 bichlorati
1139 3389 1320 3462 corrosivi
1347 3389 1635 3483 praecipitatum

436 3518 620 3591 exhibeat
650 3515 953 3607 Decigrammata
972 3516 995 3588 5
1016 3516 1181 3589 Extracti
1205 3515 1332 3589 soluta
1351 3516 1391 3589 in
1405 3516 1636 3590 centimetris

436 3643 576 3717 cubicis
598 3644 621 3716 5
643 3664 776 3736 aquae,
807 3643 1000 3717 ammonia
1026 3642 1187 3716 alcalina
1212 3643 1314 3717 facta
1341 3648 1379 3717 11
1407 3650 1638 3738 exquassata
1688 3721 1690 3725 ,

436 3771 587 3844 aethere
606 3771 832 3844 solutionem
852 3770 1068 3844 aetheream
1085 3770 1303 3864 praebeant,
1320 3792 1418 3863 quae
1434 3776 1636 3865 evaporato

437 3898 587 3971 aethere
606 3898 800 3971 residuum
814 3897 887 3988 det
906 3897 1009 3990 quod
1023 3898 1191 3971 solutum
1205 3897 1244 3970 in
1259 3896 1367 3971 acido
1388 3898 1528 3971 acetico
1548 3919 1637 3972 con-

436 4030 615 4117 centrato,
638 4026 780 4100 ferrum
795 4026 1137 4118 sesquichloratum
1151 4025 1365 4098 continente
1385 4023 1420 4123 (1
1447 4054 1496 4089 =
1519 4024 1636 4121 1000)

436 4153 638 4247 superfuso
649 4153 756 4227 acido
767 4154 948 4227 sulfurico
959 4157 1201 4227 concontrato
1212 4174 1257 4226 11
1272 4152 1368 4241 1111,
1386 4173 1461 4245 quo
1470 4152 1637 4245 liquores

437 4301 479 4353 se
498 4285 669 4371 tangunt,
690 4302 827 4354 zonam
846 4281 982 4353 coloris
1003 4279 1349 4353 menneo-violacei
1369 4277 1553 4352 exhibeat
