3725 5400
901 478 1137 552 -206—

426 697 622 786 viridibus
655 697 763 770 renis
797 696 932 770 subtus
977 695 1276 790 prominentibus
1318 698 1463 788 albius,
1501 720 1617 793 supra

428 824 629 919 depressis,
647 824 804 897 tlon'bus
817 824 857 897 in
870 823 1136 896 verticillastn's
1154 822 1252 896 intra
1269 825 1434 914 remotis
1453 847 1616 919 superne

425 947 715 1047 approximatis*
735 944 870 1044 calyee'
885 950 1205 1044 quinquedentato
1238 951 1413 1026 dentibus
1432 952 1616 1028 subulatis

424 1077 810 1172 subspinescentibus,
857 1078 1248 1172 glandulosopilosis
1301 1080 1441 1153 corolla
1491 1081 1615 1175 calyce

424 1206 635 1300 quadruplo
658 1205 828 1297 longiore
857 1204 1093 1291 ochroleuoa,
1112 1204 1212 1279 labio
1231 1206 1405 1281 inferiore
1429 1207 1515 1282 albo
1534 1208 1616 1281 basi

420 1335 570 1419 macula
587 1333 755 1407 sulfruea
773 1336 916 1405 ornate.

530 1459 584 1535 Ne
614 1460 830 1534 confundas
859 1482 947 1534 cum
980 1458 1099 1533 herba
1135 1458 1361 1556 Golaopeidb
1400 1460 1617 1535 oacicoloris

431 1585 587 1687 (Cart),
606 1589 756 1682 plantae
776 1587 1103 1681 frequentissimae
1122 1587 1160 1661 in
1179 1587 1319 1661 nostris
1339 1588 1511 1677 dumetis,
1523 1588 1618 1663 lucis

422 1721 460 1790 et
488 1715 711 1789 nemoribus
737 1714 843 1788 caule
873 1715 921 1788 ad
946 1714 1141 1807 geniculos
1173 1715 1317 1789 tumido
1351 1721 1489 1808 setoso,
1521 1717 1617 1791 foliis

432 1844 545 1935 longe
574 1841 760 1936 petiolatis
794 1841 924 1932 oralia,
952 1841 1118 1930 hirsutis,
1151 1843 1300 1916 corollis
1331 1842 1618 1918 florido-albidis

428 1969 528 2044 labio
547 1969 722 2043 interiore
740 1971 854 2057 luteo,
874 1970 1025 2042 macula
1043 1970 1169 2063 ampla
1185 1970 1353 2044 violacea
1370 1971 1528 2063 signato.

744 2291 928 2427 Herba
964 2292 1298 2428 Herniariae.

530 2531 728 2605 Herniorio
739 2529 866 2626 plabro
881 2537 918 2605 et
931 2531 1128 2604 Horatiano
1145 2529 1284 2605 hirsuto
1295 2533 1346 2624 L,
1365 2534 1515 2627 plantae
1533 2556 1615 2629 per·

423 2680 542 2736 ennes
558 2662 623 2733 aut
641 2657 812 2752 biennes
827 2658 865 2733 in
881 2659 1052 2733 arenosis
1066 2659 1218 2755 pascuis
1234 2660 1378 2735 arcisve
1393 2660 1618 2755 trequentes.

530 2786 657 2860 Herba
671 2786 810 2861 siccata
821 2787 991 2861 caulibus
1001 2787 1246 2876 filiformibus,
1255 2788 1435 2863 teretibus
1444 2790 1617 2883 ramosis

422 2915 538 2989 ramis
558 2913 721 3003 alternis,
745 2914 906 2987 breviter
928 2915 1142 3004 ramulosiS,
1164 2916 1262 2989 foliis
1285 2916 1411 3009 parvis
1430 2916 1617 2990 subsessi-

426 3043 526 3117 libus
546 3042 730 3135 oblongis,
749 3041 868 3115 oratis
884 3046 950 3115 aut
963 3041 1144 3133 obovatis,
1163 3042 1421 3136 integerrimis,
1436 3037 1617 3117 inferiori·

427 3169 500 3244 bus
516 3169 709 3264 oppositis,
725 3168 983 3263 superioribus
999 3169 1162 3260 alternis,
1173 3170 1318 3265 stipulis
1338 3171 1468 3260 oratis,
1480 3170 1618 3245 scario-

427 3297 496 3386 siS,
538 3297 686 3387 albidis,
727 3296 884 3370 floribus
926 3296 1085 3389 exiguis,
1122 3296 1532 3372 flavescenti-viridibus
1578 3299 1618 3371 in

425 3424 641 3517 glomer-ulis
660 3424 782 3498 multi·
798 3429 863 3498 aut
875 3425 1089 3518 pauciflon‘s
1113 3426 1339 3516 axillaribus,
1363 3447 1477 3520 saepe
1495 3432 1616 3501 totum

420 3553 609 3626 ramulum
651 3552 934 3647 occupantibus
970 3552 1072 3627 unde
1110 3554 1235 3648 spicas
1260 3553 1443 3647 oblongas
1461 3554 1616 3629 foliosas

421 3679 596 3753 referunt
620 3678 725 3754 Odor
751 3679 912 3754 recentis
941 3679 1088 3755 Herbae
1113 3682 1250 3771 nullus
1288 3680 1448 3755 siccatae
1486 3681 1616 3755 similis

422 3806 563 3880 herbae
583 3807 743 3881 Meliloti.

538 3935 614 4010 100
633 3938 761 4028 partes
779 3933 927 4008 Herbae
947 3956 996 4008 ne
1019 3935 1105 4029 plus
1125 3957 1240 4028 quam
1258 3939 1384 4030 partes
1412 3937 1461 4010 10
1481 3936 1615 4012 cineris

421 4060 644 4155 relinquant

654 4315 949 4425 Herba
976 4313 1397 4428 hohenoe.

529 4511 677 4589 Lohelio
701 4515 829 4611 inflata
848 4516 899 4610 L,
923 4518 1052 4611 planta
1075 4539 1203 4593 annua
1224 4520 1263 4592 ln
1286 4519 1459 4594 America
1476 4519 1618 4595 boreali

421 4647 632 4736 spontanea
650 4648 687 4717 et
706 4643 814 4717 culta.
