3725 5400
722 499 964 572 -0253-

552 714 600 846 N
602 714 797 847 atrion
824 714 1132 848 olloratnn.

359 954 530 1046 Crystalli
551 953 705 1028 cnhioae
724 954 1154 1046 decolorespellueidae,
1171 952 1316 1047 saponis
1336 972 1438 1026 mere

246 1081 365 1170 salini,
387 1082 565 1155 solubiles
584 1081 623 1154 in
642 1081 811 1174 partibus
833 1081 892 1153 ul
916 1102 1046 1173 aquae.

354 1210 416 1282 Sal
444 1230 561 1283 ansae
587 1209 640 1285 fili
667 1208 819 1302 platinei
839 1208 973 1281 affixus
994 1214 1030 1281 et
1050 1207 1294 1282 candefactus
1314 1208 1438 1281 colore

245 1337 342 1411 flavo
352 1336 468 1410 inficit
476 1336 679 1426 flammam,
697 1356 793 1428 quae
803 1356 871 1429 peu
879 1335 1016 1408 vitrum
1036 1336 1250 1409 caeuilenm
1260 1334 1443 1428 adspeota

244 1485 292 1538 ne
306 1462 379 1537 nisi
393 1485 460 1557 per
473 1462 651 1557 temporis
666 1468 907 1536 momentum·
920 1464 1082 1535 colorem
1101 1461 1443 1535 mono-violaceum

246 1591 434 1685 pnaebeat.

354 1717 496 1791 Solutio
528 1716 643 1791 Natn‘i
676 1715 834 1813 ohlorati
866 1738 1017 1809 aquosa·
1043 1716 1242 1789 neaetionis
1270 1716 1443 1789 neutxiue

246 1851 313 1921 est.
333 1845 470 1919 Addita
488 1846 676 1919 solutione
695 1843 841 1936 argenti
858 1843 978 1918 nitrioi
1000 1842 1286 1937 praecipitatum
1309 1864 1437 1916 caseo·

246 1995 331 2047 sum
350 1973 488 2062 album,
515 1972 554 2045 in
574 1971 763 2045 ammonia
781 1971 887 2045 facile
907 1971 1064 2044 solubile
1085 1970 1249 2044 demittit

354 2101 495 2175 Solutio
523 2100 639 2174 Natrii
667 2100 826 2175 chlorati
853 2121 1001 2192 aquosa
1026 2099 1189 2191 (1:20)
1218 2119 1312 2172 neve
1337 2120 1438 2191 aqua

245 2229 560 2324 hydrosulinrata‚
582 2249 677 2301 neve
698 2226 887 2301 ammonio
907 2227 1105 2315 sunnam,
1136 2246 1230 2299 neve
1250 2224 1437 2299 solutione

244 2357 350 2450 befyi
366 2355 486 2430 nitrioi
503 2376 611 2444 neve,
633 2355 760 2429 addita
779 2354 970 2428 ammonia
998 2353 1187 2427 ammonio
1212 2352 1355 2426 oxalioo
1376 2357 1442 2425 ant

245 2484 366 2559 natrio
385 2483 641 2579 phosphorioo
661 2483 839 2556 turbetur.

355 2610 582 2685 Centimetra
618 2609 749 2683 cubica
788 2610 839 2682 no
877 2608 1075 2682 solutionis
1119 2606 1236 2680 Natrii
1282 2606 1440 2680 chlorati

246 2761 412 2834 aquosae
431 2739 606 2830 (1:20),
636 2738 763 2810 addita
782 2743 887 2830 gutta
904 2736 992 2809 ferri
1020 2734 1308 2828 sesquiohlorati
1327 2733 1440 2808 soluti

245 2867 506 2959 mucilaginem
526 2865 637 2958 amyli
655 2886 703 2938 ne
723 2864 847 2938 colore
868 2864 1040 2937 oaenfleo
1060 2861 1234 2936 inficiant

354 2992 578 3067 Centimena
616 2991 747 3064 cubica
785 2990 836 3063 20
875 2989 1072 3063 solutionis
1120 2976 1236 3061 Natrii
1281 2987 1439 3061 chlorati

245 3143 411 3215 aquosae
446 3120 609 3212 (1:20)
643 3119 769 3192 addito
803 3119 961 3210 granulo
994 3117 1079 3190 kalii
1112 3113 1348 3207 ferricyanati
1389 3135 1436 3187 ne

245 3254 445 3322 mutentur.

435 3426 484 3557 N
485 3424 678 3558 alliun
716 3421 1245 3594 lytrooarbonionn

355 3646 512 3720 Crustas
533 3645 769 3739 nystallinae
787 3645 904 3734 albae,
929 3643 968 3716 in
988 3650 1075 3716 atro
1095 3640 1341 3736 persistentes
1374 3646 1439 3714 aut

243 3773 368 3867 pulvis
386 3773 623 3867 crystallinus
657 3772 777 3861 albus,
807 3773 955 3866 saporis
984 3767 1218 3858 suhalcalini,
1248 3767 1287 3841 in
1315 3787 1445 3862 aquae¹

242 3899 397 3994 fn'gidae
415 3900 584 3994 partibus
605 3899 752 3972 circitor
777 3899 825 3971 tl
849 3897 1035 3987 solubilis-3
1065 3897 1267 3970 calefactus
1287 3894 1445 3968 eoldumw

244 4027 487 4102 narbonienm
515 4031 552 4099 et
579 4045 730 4119 aquam·
752 4025 884 4099 emittit
891 4047 900 4112 ;
926 4024 1121 4097 residuum
1150 4027 1215 4096 est·
1235 4020 1436 4095 reactionis

242 4154 387 4228 fortiter
405 4152 584 4227 aloalime
605 4157 642 4226 et
664 4153 840 4226 flammae
858 4152 1054 4224 admotum
1074 4172 1159 4224 eam
1189 4150 1313 4223 colore
1337 4149 1435 4221 ssavo

241 4281 365 4356 infinit
380 4282 548 4354 Flamma
562 4301 608 4354 eo
622 4279 736 4353 modo
751 4279 850 4351 flava
864 4277 998 4352 effecta
1011 4299 1080 4371 per
1092 4277 1260 4350 tabulam
1278 4274 1436 4348 vitream

92 4459 93 4462 κ
243 4409 456 4483 caemleam
476 4413 639 4500 aspecta
658 4427 718 4496 ne,
749 4406 821 4478 nisi
849 4405 1082 4493 brevissime,
1112 4404 1227 4477 rubra
1246 4402 1435 4495 adpareat·

351 4533 493 4608 Solutio
514 4554 534 4606 e
555 4538 761 4625 grammate
776 4513 896 4605 itanu
914 4529 1228 4624 hydrocauonici
1254 4529 1294 4601 in
1314 4549 1434 4620 gram·

149 4757 151 4760 v
241 4662 314 4736 mis
329 4662 518 4755 ltl'aquae
533 4665 786 4752 temperatura
800 4658 988 4732 ordinans
997 4662 1128 4751 parata
1138 4655 1274 4729 additis
1285 4655 1398 4747 guttis
1411 4656 1433 4728 3
