3725 5400
723 520 930 592 -57-

340 736 587 811 Cantharides
607 742 696 811 sunt
716 737 843 811 odoris
861 736 1104 830 penetrantis,
1136 735 1273 827 gravis,
1302 734 1427 825 virosi,

230 864 381 957 saporis
401 864 448 937 ab
467 863 570 937 initio
589 885 723 956 parum
742 863 940 954 manifesti,
961 863 1096 937 deinde
1115 861 1293 936 acerrimi

341 989 567 1063 Combustae
588 1011 632 1063 ex
651 990 820 1083 partibus
844 992 920 1064 100
945 1012 994 1065 ne
1013 992 1099 1085 plus
1119 1011 1235 1084 quam
1254 994 1382 1082 partas
1402 992 1425 1064 8

230 1115 365 1191 cineris
383 1117 605 1210 relinquant

341 1244 587 1319 cantharides
629 1245 732 1338 apud
771 1267 844 1319 nos
880 1245 1076 1319 mensibus
1108 1242 1215 1318 lunio
1254 1248 1291 1317 et
1322 1242 1426 1333 lulio,

231 1372 471 1467 potissimum
510 1373 690 1461 fraxinos,
737 1371 895 1465 ligustra
942 1377 979 1447 at
1025 1371 1199 1467 syringas
1247 1369 1428 1463 gregatim

233 1500 483 1594 depascentes
507 1499 729 1593 colliguntur
747 1504 784 1572 et
802 1499 897 1574 bana
917 1499 1082 1574 siccatae
1106 1498 1146 1572 in
1163 1497 1266 1572 vasis
1287 1497 1428 1590 optime

235 1627 375 1701 clausis
394 1633 601 1701 serventur.

340 1753 444 1828 Marx
476 1753 587 1827 sistat
619 1758 803 1845 quantum
835 1774 919 1826 esse
952 1757 1076 1846 potest
1107 1752 1253 1826 insecta
1283 1751 1429 1844 integra

232 1887 403 1956 recenter
422 1882 586 1955 collecta
817 1872 823 1897 ⁸

343 2009 445 2083 Marx
476 2012 636 2096 vetusta,
672 2007 799 2081 odoris
833 2007 997 2100 specifici
1036 2007 1169 2081 debilis
1201 2012 1267 2081 aut
1301 2006 1428 2081 odoris

232 2134 529 2225 ammoniacalis
557 2134 767 2229 splendoris
795 2154 929 2227 expers
958 2134 1018 2207 vel
1036 2133 1100 2207 vix
1118 2134 1294 2208 metallici
1312 2155 1429 2229 supra

232 2262 409 2357 descripti
426 2261 621 2335 reiiciatur.

697 2544 973 2719 capsulae.

341 2773 366 2844 1.
386 2772 548 2863 Gapsnlac
566 2773 788 2861 gelatinosaa.

345 2896 576 2990 Corpuscula
621 2918 713 2970 cava
758 2897 914 2990 globosa
961 2902 1026 2972 aut
1073 2897 1195 2972 oralia
1240 2896 1426 2989 magnitu-

219 3023 335 3097 dinis
354 3023 426 3117 pisi
446 3044 566 3115 usque
585 3022 633 3096 ad
652 3023 950 3116 magnitudinem
963 3024 1074 3097 fabae
1094 3024 1247 3097 maioris
1267 3028 1305 3097 et
1321 3024 1429 3112 ultra

235 3155 502 3244 praeparatae
536 3148 698 3242 gelatina
729 3150 882 3223 animali
913 3150 1110 3225 albissima
1141 3172 1255 3245 saepe
1284 3143 1429 3224 adiecto

235 3278 425 3371 glycerino
459 3282 496 3350 et
528 3278 724 3368 sarabara,
756 3277 944 3353 destinata
963 3278 1011 3350 ad
1031 3278 1249 3371 excipienda
1267 3277 1428 3350 medioa-

236 3409 365 3478 menta
383 3404 603 3497 praesertim
622 3403 774 3498 liquida

346 3531 530 3625 Capsulae
549 3530 603 3604 sic
624 3530 743 3604 dictae
763 3531 1001 3622 opercuiatae
1031 3536 1120 3605 sunt
1147 3531 1268 3605 tubuli
1296 3530 1430 3604 breves

235 3657 343 3751 rigidi
361 3658 401 3731 in
418 3680 497 3732 una
515 3657 744 3732 extremitate
765 3656 884 3730 clausi
904 3661 940 3730 et
953 3657 1158 3748 rotundaii,
1174 3656 1386 3751 praeparati
1410 3678 1431 3730 e

236 3785 401 3878 galatina
432 3784 585 3858 animali
613 3785 815 3875 albissima,
863 3805 1026 3877 quorum
1062 3785 1138 3858 bini
1171 3782 1431 3878 promovendo

238 3932 358 3985 unum
377 3933 492 4007 super
510 3913 667 3986 aiterum
693 3911 968 3985 medicamento
995 3913 1184 4006 expletum
1210 3911 1250 3984 111
1279 3929 1432 4002 corpus·

236 4040 364 4112 culum
383 4038 572 4131 singulum
589 4038 818 4130 rediguntur.

345 4169 384 4238 ll.
404 4169 566 4258 capsulae
585 4168 790 4257 amyiaoaae.

348 4291 580 4386 Corpuscula
606 4292 829 4386 plerumque
857 4292 1094 4381 lantiformia,
1126 4312 1220 4364 cava
1257 4291 1307 4364 ad
1335 4289 1432 4363 exci-

238 4418 376 4512 pienda
407 4418 683 4493 medicamenta
714 4418 754 4492 in
787 4420 953 4512 pulvera,
987 4418 1288 4511 unumquodque
1335 4437 1434 4490 com·

237 4546 406 4639 positum
434 4566 454 4619 e
484 4546 633 4620 duabus
661 4545 819 4618 lamellis
849 4544 1125 4619 disciformibus
1163 4543 1434 4618 orbicularibus

238 4672 412 4746 diametri
435 4672 576 4746 1-a·5
597 4672 914 4761 centimetrorum,
941 4671 1057 4744 limbo
1076 4671 1297 4766 plerumque
1320 4671 1434 4765 plano

1181 4809 1216 4864 5.
