3725 5400
615 815 764 950 lolia
794 815 1110 951 Rosmarini.

377 1037 613 1110 Rosmarinus
641 1035 830 1132 officinalis
848 1037 901 1128 L.,
931 1038 1054 1111 frutex
1078 1039 1116 1112 in
1135 1038 1286 1134 Europa
1310 1042 1464 1116 australi

265 1166 476 1258 indigenus,
498 1164 598 1257 apud
617 1186 689 1237 nos
707 1186 786 1237 non
804 1187 889 1238 raro
910 1166 1044 1238 cultus,

379 1292 482 1366 Folia
497 1291 645 1365 sessilia
660 1291 765 1365 i—-3
782 1292 999 1365 eentirnetra
1016 1293 1139 1385 longa,
1155 1295 1294 1368 siccata
1307 1295 1463 1369 linearia

270 1419 511 1508 submorosa,
523 1419 670 1508 obtusa,
682 1420 849 1512 margine
858 1419 1096 1512 integerrimo
1111 1421 1289 1511 revoluta,
1300 1442 1461 1514 superne

151 1550 152 1553 ’
267 1568 446 1635 convexa,
483 1545 624 1637 glabra,
653 1544 777 1618 medio
806 1546 962 1634 sulcata,
990 1546 1114 1637 nitida,
1142 1547 1281 1637 viridia,
1310 1570 1461 1640 rugosa,

268 1672 403 1747 subtus
433 1693 600 1745 concava
631 1694 747 1745 nervo
780 1673 955 1765 primario
989 1674 1234 1766 prominente,
1268 1676 1370 1748 albo-
1402 1676 1462 1750 vel

267 1799 621 1892 griseo-tomentosa
656 1799 739 1892 pilis
777 1800 937 1872 ramosis
976 1805 1013 1873 et
1054 1800 1238 1892 glandulis
1286 1802 1459 1892 oleiferiS,

266 1948 405 2016 crassa,
445 1925 572 2018 rigida,
620 1925 747 1999 odoris
786 1927 908 2018 gravis
947 1928 1150 2017 aromatici,
1190 1929 1459 2021 camphoracei,

265 2052 411 2146 saporis
431 2052 635 2143 aromatici,
656 2052 764 2142 acriS,
786 2052 1033 2127 amariusculi

382 2180 602 2274 roupertus
622 2181 756 2254 mercis
788 2201 836 2254 ne
869 2181 956 2273 plus
987 2201 1102 2274 quam
1120 2187 1246 2275 partes
1278 2183 1301 2255 5
1327 2183 1459 2258 cineris

265 2305 488 2399 relinquant.

652 2702 801 2838 lolia
832 2703 1074 2839 Salviae.

374 2923 499 2998 Salvia
517 2923 707 3022 officinalis
726 2926 776 3015 L,
796 2927 925 3019 planta
948 2926 1229 3015 mediterranea,
1258 2927 1359 3019 apud
1385 2949 1456 3001 nos

264 3051 302 3124 in
321 3051 440 3125 hortis
458 3053 675 3146 frequenter
693 3053 802 3126 culta.

368 3177 472 3252 Folia
485 3180 673 3272 petiolata,
694 3181 770 3253 ima
783 3181 894 3272 longe
909 3181 1095 3273 petiolata,
1116 3182 1289 3273 oblonga,
1308 3182 1455 3256 lanceo-

260 3304 338 3379 lata
355 3307 415 3381 rel
435 3306 565 3398 oralia,
588 3308 690 3381 5-7
713 3308 930 3381 centimetra
948 3309 1072 3401 longa,
1103 3313 1213 3382 acuta
1230 3309 1290 3382 vel
1309 3309 1455 3399 obtusa,

258 3432 342 3506 basi
362 3438 563 3524 attenuata,
583 3435 785 3508 rotundato
804 3439 869 3508 aut
888 3435 1124 3525 subcordata,
1145 3436 1288 3529 passim
1309 3437 1453 3510 auricu-

257 3559 344 3649 lata‚
384 3563 549 3652 margine
588 3563 788 3647 crenulata
823 3563 1018 3656 superficie
1053 3563 1257 3655 aequaliter
1283 3563 1454 3637 minutim

256 3708 567 3779 muoso-rugosa,
598 3689 859 3779 crassiuscula,
890 3690 992 3762 albo·
1019 3695 1084 3763 aut
1102 3689 1455 3782 griseo-tomentosa

257 3815 315 3889 vel
352 3836 514 3908 superne
553 3817 766 3907 subglabra,
810 3817 946 3890 subtus
984 3818 1338 3909 griseo-tomentosa
1368 3818 1453 3911 pilis

258 3941 488 4035 simplicibus
509 3946 545 4016 et
557 3944 861 4018 uniceilularibus
875 3944 1098 4036 plerumque
1117 3943 1278 4017 arcuatis
1295 3948 1332 4017 et
1347 3944 1451 4017 n-5

257 4069 495 4143 cellularibus
510 4069 742 4161 longioribus
758 4071 960 4144 articulatis
976 4077 1041 4144 aut
1059 4071 1451 4162 subflagelliformibus

256 4201 317 4270 sat
343 4196 616 4290 pachydermiS,
648 4197 872 4271 intermixtis
910 4198 995 4291 pilis
1025 4199 1194 4291 capitatis
1227 4198 1379 4272 minutis
1414 4204 1451 4272 at

258 4323 443 4416 glandulis
461 4323 682 4399 vesiculosis
701 4324 959 4417 sphaero‘ideis
980 4326 1064 4400 oleo
1086 4325 1261 4401 aethereo
1287 4326 1449 4419 repletis.
1593 4385 1596 4392 .

364 4450 499 4525 Odoris
529 4457 619 4526 sunt
653 4452 851 4544 peculiaris
879 4452 1073 4527 balsamici
1102 4452 1448 4545 subcampboracei,

255 4577 402 4672 saporis
423 4579 762 4652 amaro-aromatici
781 4584 818 4653 et
836 4580 1112 4672 adstringentis.
