3725 5400
700 501 939 575 -u77-

485 714 681 851 Paleas
708 715 1141 851 haenustatieau
1206 748 1209 755 ·

559 922 756 1002 Penawar
777 922 950 1003 Diambi.
972 923 1085 1003 Pulu.

336 1097 511 1173 &lotium
548 1097 721 1172 Baromez
747 1099 777 1173 J.
801 1099 881 1174 Sm.
911 1105 948 1174 et
980 1100 1072 1175 aliae
1101 1100 1248 1195 species
1290 1096 1420 1173 Cibotii

225 1249 296 1305 nec
311 1249 390 1302 non
404 1227 563 1302 alimum
577 1247 759 1319 generum
771 1226 923 1319 filicum,
939 1229 1161 1323 plerumque
1177 1228 1419 1302 arboreseen·

222 1354 318 1429 tium
336 1354 462 1429 Indiae
483 1354 673 1429 orientalis
692 1354 979 1448 insularumque
998 1355 1139 1431 Oceani
1156 1355 1311 1450 pacifici

334 1481 468 1557 Paleae
487 1472 692 1572 filiformes
713 1482 884 1559 rhizoma
916 1486 954 1556 et
985 1483 1099 1557 bases
1129 1481 1296 1576 stipitum
1313 1481 1420 1555 indu·

224 1614 353 1684 mento
387 1609 613 1721 densissimo
647 1608 853 1684 vestientes
891 1614 929 1684 et
965 1611 1013 1684 ab
1050 1609 1095 1684 iis
1129 1610 1350 1703 desumptae
1382 1607 1421 1682 in

101 1722 104 1729 ’
226 1735 365 1810 massis
385 1735 628 1828 mollissimis,
650 1735 966 1827 sericeo-lenosis,
980 1736 1115 1810 coloris
1129 1735 1344 1811 ssavo-lusci
1357 1739 1423 1809 aut

224 1862 341 1953 aurei,
376 1862 508 1961 niton‘s
538 1863 755 1963 seriaeiaut
782 1863 1031 1938 submetallici
1057 1862 1223 1955 brandei,
1250 1862 1420 1956 singulae

227 1990 332 2062 3-7
346 1989 565 2067 centimetra
577 1991 726 2085 longae,
738 1990 863 2064 forma
870 1991 935 2084 pili
945 1989 1122 2084 simplicis
1137 1989 1420 2085 pluricelluleris

225 2138 443 2212 compressu

507 2333 832 2469 Paulinum
866 2332 1034 2506 liquid
1124 2438 1137 2465 .

337 2573 477 2670 liquor
509 2577 593 2650 oleo
626 2574 757 2649 similis
789 2573 966 2668 limpidus
1008 2573 1171 2665 decolor,
1215 2572 1343 2647 odoris
1385 2578 1422 2647 et

149 2769 153 2776 .
228 2702 377 2797 saporis
407 2725 553 2798 expers,
583 2702 761 2799 ponderis
790 2701 956 2796 specifiei
978 2702 1130 2776 minime
1168 2702 1302 2790 u·880;
1330 2707 1422 2775 tem·

229 2834 406 2923 peratum
426 2831 531 2905 360ο
553 2831 724 2905 noudum
744 2829 879 2904 ebullit

337 2956 567 3031 Pamffinum
589 2956 772 3051 liquidum
805 2978 891 3030 eum
915 2955 1062 3050 aequali
1085 2955 1251 3050 pondere
1271 2954 1424 3049 spuitus

227 3082 305 3157 vini
325 3088 476 3158 coetum
493 3084 583 3159 huic
601 3085 831 3160 reautionem
850 3084 998 3158 acidam
1015 3104 1064 3157 ne
1082 3082 1230 3156 tribuat

340 3210 380 3285 Si
398 3212 618 3286 centimetra
636 3212 769 3287 cubica
788 3213 811 3288 3
832 3210 1012 3285 Paraffini
1029 3210 1158 3303 liquidi
1172 3231 1260 3284 cum
1279 3209 1427 3304 aequali

227 3340 420 3413 volumine
440 3338 536 3412 auidi
555 3339 723 3413 suliuriei
743 3337 975 3413 conuentrati
1007 3337 1046 3411 in
1076 3338 1168 3411 tubo
1196 3336 1424 3432 probatam,

229 3471 345 3541 antea
363 3465 470 3540 acido
491 3467 670 3541 suliurico
688 3465 816 3559 tepido
837 3466 950 3554 eluta,
984 3464 1024 3538 in
1051 3464 1187 3538 balneo
1208 3485 1329 3562 aquae
1361 3485 1428 3559 per

235 3594 284 3666 10
310 3593 455 3667 minuta
484 3594 638 3688 saepius
663 3592 957 3686 conquassanda
977 3591 1165 3681 calefiunt,
1199 3590 1429 3665 Paraffinum

231 3719 418 3818 liquidum
454 3741 503 3794 ne
531 3726 707 3810 mutuum,
739 3720 888 3794 acidum
916 3718 1138 3794 suliuricum
1165 3717 1428 3792 tantummodo

231 3845 360 3922 leviter
377 3848 575 3923 disceseat

723 4042 949 4178 Pastilli.

342 4283 400 4357 Ad
419 4284 611 4378 parandos
629 4284 803 4357 Pastillos
832 4284 871 4356 iu
898 4304 1035 4374 genere
1065 4280 1298 4356 substantiae
1318 4280 1431 4355 medi-

234 4415 475 4486 camentosae
494 4410 710 4504 pulveratae
730 4416 796 4484 aut
815 4410 1034 4503 granulatae
1053 4428 1171 4503 purae
1190 4408 1251 4482 vel
1267 4407 1431 4481 admixto

234 4539 417 4612 saccharo
437 4541 503 4611 aut
520 4559 652 4611 massa
671 4536 865 4611 sasantina
893 4558 965 4631 ope
990 4540 1194 4630 apparatus
1226 4534 1366 4629 proprii
1393 4535 1432 4607 in

233 4666 376 4739 formas
396 4664 627 4742 desideratas
648 4664 955 4758 comprimuntur.
