3725 5400
724 498 961 571 -149-

242 723 346 793 caret
377 723 414 793 et
447 718 633 792 solutione
664 717 752 792 ferri
780 716 1068 810 sesquichlorati
1096 718 1261 791 colorem
1292 718 1439 792 intense

243 846 462 920 caeruleum
480 844 606 935 trahit3
635 844 740 917 fibris
772 844 855 916 libri
883 848 944 917 sat
965 843 1143 917 brevibus
1171 844 1440 934 susiiormibus

242 972 351 1046 valde
383 972 612 1061 incrassatis,
637 972 858 1066 plerumque
886 970 1077 1061 solitariis;
1106 972 1210 1046 rasis
1239 972 1439 1066 spiralibus

244 1107 281 1173 et
299 1099 506 1173 scalaribus
536 1099 829 1191 angustissimis3
864 1097 1047 1191 crystallis
1080 1099 1274 1192 permultis
1311 1098 1439 1193 parvis

244 1226 399 1300 stellatis
446 1226 550 1300 calcii
596 1226 729 1299 oxalici
774 1226 997 1319 plerumque
1048 1224 1088 1298 in
1134 1225 1275 1300 cellulis
1322 1226 1439 1320 lepto-

244 1353 383 1426 dermis
425 1376 492 1447 per
528 1352 800 1446 longitudinem
846 1351 1072 1445 aggregatim
1112 1352 1252 1427 cellulis
1289 1352 1439 1447 pollinis

241 1480 442 1573 triquetris.

351 1607 406 1681 Ne
443 1608 632 1682 contineat
668 1606 789 1701 pulvis
837 1627 955 1698 grana
996 1606 1119 1700 amyli,
1167 1628 1237 1681 nec
1284 1608 1437 1682 cellulas

244 1732 469 1808 sclerel‘deas
520 1735 592 1808 nisi
642 1755 864 1828 perpaucas
916 1755 987 1807 nec
1034 1755 1128 1808 vasa
1173 1734 1333 1809 scalaria
1375 1739 1439 1810 aut

242 1861 584 1935 scalari-reticulata
604 1860 796 1954 ampliora,
830 1881 900 1934 nec
938 1861 1133 1954 crystallos
1167 1860 1270 1935 calcii
1306 1861 1439 1936 oxalici

243 1988 441 2082 simplices.
480 1988 534 2063 Ne
569 1989 618 2061 sit
649 1987 866 2080 inquinatus
899 1988 1063 2062 admixto
1096 1989 1248 2082 pulvere
1281 1990 1437 2063 elianam

243 2116 466 2209 plantarum

356 2243 432 2315 100
450 2247 577 2336 partes
596 2263 644 2315 ne
663 2242 749 2335 plus
770 2262 883 2333 quam
907 2246 1033 2334 partes
1059 2244 1082 2316 8
1118 2243 1253 2316 cineris
1286 2243 1437 2318 virides·

243 2369 361 2443 centis
381 2369 601 2462 relinquant.

380 2692 569 2828 liores
600 2692 968 2829 dianonillae
997 2694 1280 2831 Romanae.

351 2929 535 3004 Anthemio
571 2929 699 3005 nobilis
736 2932 789 3022 L.,
820 2933 948 3026 planta
979 2935 1169 3027 perennis,
1208 2934 1247 3007 in
1284 2935 1436 3030 Europa

243 3058 478 3133 meridionali
498 3064 535 3133 et
554 3059 772 3133 occidentali
795 3060 983 3153 indigena,
1014 3061 1114 3154 apud
1132 3082 1204 3135 nos
1222 3062 1437 3156 frequenter

241 3186 351 3259 culta.

352 3311 543 3388 Anthodia
561 3314 747 3388 varietatis
776 3315 897 3388 cultae
921 3316 1142 3409 plerumque
1160 3317 1272 3410 plena
1300 3317 1438 3392 siccata

107 3425 110 3432 ⁴
244 3441 414 3515 flosculis
455 3442 624 3536 plurimis
661 3442 822 3534 ligulatis
865 3442 971 3532 albis,
1013 3443 1200 3518 tubulosis
1232 3444 1272 3518 in
1309 3451 1437 3519 centro

244 3569 481 3662 paucissimis
511 3569 628 3659 ssavis
673 3568 921 3662 peranthodio
949 3568 1155 3662 imbricat0,
1203 3573 1437 3665 receptaculo

244 3696 377 3769 conico
393 3697 618 3786 medulloso,
643 3695 761 3789 paleis
786 3697 1298 3790 spatulato-cymbiformibus
1323 3699 1439 3793 dupli·

245 3823 502 3896 cato-serratis
523 3822 655 3912 obsito,
686 3822 813 3896 odoris
842 3823 1033 3896 aromatici
1052 3823 1261 3917 peculiaris,
1292 3825 1438 3919 saporis

245 3950 438 4024 aromatici
458 3954 495 4024 et
512 3950 707 4043 peramari

360 4077 435 4150 100
464 4082 589 4171 partes
613 4077 747 4151 mercis
776 4098 824 4150 ne
856 4078 942 4171 plus
967 4099 1081 4170 quam
1104 4084 1231 4171 partes
1257 4080 1280 4153 6
1305 4079 1439 4154 cineris

245 4203 468 4296 relinquant

353 4332 408 4406 Ne
443 4337 720 4405 commutentur
743 4331 932 4405 anthodiis
961 4332 1083 4426 plenis
1111 4333 1299 4406 varietatis
1331 4330 1437 4431 Cirp-

244 4458 418 4531 scntleemi
449 4457 635 4531 Parthenii
662 4457 806 4554 (Pers),
831 4458 868 4531 in
897 4458 1017 4532 hortis
1052 4459 1267 4551 frequenter
1305 4462 1438 4550 cultae,

246 4586 480 4680 receptaculo
508 4586 613 4659 nudo
634 4585 825 4659 distinctis.
