3725 5400
719 504 957 577 -1n5-

506 718 820 854 muscum
858 716 1171 854 Gentianae.

234 941 310 1036 Rp:
342 943 478 1015 Relicta
498 943 735 1024 dentianaod)
1174 945 1299 1035 partes
1385 941 1435 1013 10

343 1073 458 1161 Aquae
1004 1150 1007 1155 ‚
1175 1073 1299 1163 parter
1372 1067 1435 1140 40.

307 1195 458 1269 Macera
484 1216 552 1288 per
581 1193 633 1267 ab
660 1194 790 1284 horas,
821 1198 904 1268 tum
923 1193 1089 1287 exprime
1109 1198 1147 1269 et
1164 1195 1436 1270 remanentiam

236 1324 364 1397 denuo
383 1343 536 1397 macera
554 1344 640 1395 cum

343 1453 458 1541 Aquae
1072 1531 1075 1535 ,
1134 1447 1301 1546 partum
1385 1451 1436 1524 30

309 1597 377 1671 per
399 1577 447 1649 ta
468 1576 585 1650 horas
605 1583 643 1652 et
661 1578 838 1671 exprime.

309 1703 491 1798 Liquores
520 1704 697 1779 collectos
718 1705 882 1779 caleface
902 1706 952 1779 ad
977 1704 1244 1798 ebullitionem,
1284 1707 1368 1781 cola
1400 1713 1438 1781 et

237 1853 401 1925 evapora
420 1831 470 1904 ad
488 1832 760 1905 remanentiam
1135 1833 1297 1930 partium
1375 1835 1435 1907 10.

310 1957 553 2050 Refrigeratis
573 1958 672 2032 adde

347 2087 493 2177 Spiritus
511 2087 587 2158 Vini
1174 2094 1299 2184 partes
1373 2088 1436 2163 10.

312 2212 461 2306 Sepone
504 2233 573 2306 per
613 2211 780 2286 triduum
814 2211 855 2286 in
886 2212 971 2286 loco
1019 2213 1170 2305 frigido,
1208 2220 1290 2288 tum
1325 2214 1435 2289 filtra.

238 2339 440 2433 Liquorem
480 2340 660 2413 filtratum
696 2339 816 2413 libera
854 2339 1078 2414 destillando
1117 2362 1141 2413 a
1176 2342 1310 2435 spiritu
1347 2343 1435 2431 vini,

238 2467 432 2541 residuum
458 2466 575 2540 misce
604 2488 691 2540 cum
720 2465 868 2561 aequali
895 2467 1065 2560 pondere
1095 2489 1218 2562 aquae
1238 2475 1275 2544 et
1293 2490 1436 2563 sepone

237 2616 306 2688 per
328 2594 485 2668 biduum
502 2584 543 2668 in
565 2594 649 2668 loco
668 2594 812 2687 frigido,
840 2593 939 2667 'l'um
961 2595 1147 2688 liquorem
1169 2596 1269 2670 filtra
1292 2603 1329 2671 et
1352 2619 1436 2671 eva·

240 2744 337 2818 pora
354 2721 395 2796 in
412 2722 549 2797 balneo
569 2743 691 2815 aquae
712 2722 762 2795 ad
781 2722 1066 2796 consistentiam
1087 2726 1240 2798 extracti
1259 2726 1382 2820 spissi.

348 2849 566 2924 Extractum
613 2848 820 2923 Gentianae
867 2852 917 2926 sit
961 2851 1098 2924 coloris
1134 2850 1242 2942 tusci,
1289 2853 1438 2947 saporis

241 2977 445 3072 peramari;
465 2978 636 3051 solvatur
653 2976 694 3051 in
712 2997 813 3068 aqua
831 2977 910 3052 fere
928 2978 1092 3071 limpide.

352 3104 577 3179 Centimetra
609 3103 741 3178 cubica
777 3105 826 3178 10
855 3104 1056 3179 solutionis
1081 3105 1242 3180 Extracti
1274 3127 1440 3200 aquosae

243 3230 279 3329 (1
295 3263 345 3297 =
362 3230 425 3327 10)
446 3231 603 3306 filtratae
623 3252 671 3305 ne
692 3232 818 3305 statim
836 3233 1037 3306 turbentur
1057 3233 1193 3306 additis
1213 3234 1439 3308 centimetris

243 3358 382 3433 cubicis
402 3358 425 3432 5
446 3358 599 3453 spiritus
617 3358 705 3431 vini.

525 3682 837 3817 Exuactun
875 3680 1158 3816 Graminis.

352 3903 509 3976 Paretur
528 3924 548 3976 e
567 3902 701 3976 Rudiae
714 3901 900 3976 Graminis
919 3904 1041 3976 scissa
1061 3908 1105 3976 ut
1125 3893 1331 3977 extractum
1347 3899 1441 3975 Cen·
1498 3967 1501 3972 .

245 4030 354 4104 taurii
364 4030 518 4104 minoris
535 4032 775 4123 evaporando
792 4030 840 4104 ad
857 4030 1142 4104 consistentiam
1156 4029 1310 4103 extracti
1319 4028 1442 4123 spissi

355 4158 410 4231 Sit
428 4158 563 4232 coloris
582 4158 691 4248 fusci,
712 4158 860 4249 saporis
886 4158 1022 4251 dulcis3
1048 4159 1216 4231 solvatur
1232 4154 1384 4249 limpide
1402 4154 1443 4228 in

246 4306 355 4379 aqua
800 4381 803 4388 Δ

357 4411 585 4486 Centimetra
613 4412 745 4485 cubica
776 4414 824 4486 10
854 4411 1053 4485 solutionis
1082 4410 1243 4484 Extracti
1275 4429 1443 4502 aquosae

247 4540 282 4630 (1
299 4571 349 4604 =
365 4536 428 4636 10)
443 4539 604 4612 filtratae
623 4561 672 4613 ne
697 4540 825 4613 statim
844 4539 1045 4613 turbentur
1065 4537 1201 4612 additis
1216 4534 1442 4610 centimetris

248 4665 388 4741 cubicis
408 4665 432 4739 5
453 4667 605 4760 spiritus
624 4667 709 4740 vini.
1277 4651 1281 4658 ¹
