3725 5400
914 426 1131 499 „32-

425 641 533 716 acido
552 638 839 736 hydroehlorico
864 649 1153 737 supersalurata
1177 645 1323 720 adiecto
1347 646 1444 720 ferro
1473 648 1618 741 sesqui-

425 769 594 843 chlorato
616 770 739 843 soluto
759 792 807 845 ne
827 771 997 844 mbefial,

534 896 713 971 Gramma
732 898 835 988 solie,
871 899 979 972 acido
1007 899 1141 973 nitrioo
1172 902 1499 993 supersaiuratum
1526 905 1563 975 et
1580 903 1619 975 in

425 1022 562 1097 balneo
600 1046 721 1118 aquae
762 1026 1002 1119 evaporando
1036 1027 1218 1101 siccatum
1255 1027 1451 1102 residuum
1483 1028 1620 1104 efficiat

425 1150 562 1225 coloris
582 1173 727 1246 expone,
749 1155 850 1246 quod
871 1153 995 1227 calore
1015 1158 1125 1227 aucto
1144 1155 1255 1248 plane
1275 1154 1409 1228 avolei

532 1277 805 1372 Praeparatum
823 1281 863 1353 in
882 1282 1076 1373 pulverem
1101 1282 1228 1355 album
1248 1281 1436 1374 dilapsum
1454 1281 1575 1357 reiioe.

686 1529 1019 1666 Annonlon
1047 1532 1356 1667 ollonium.

532 1750 661 1824 Pulvis
683 1752 918 1843 crystallinus
939 1754 1062 1847 albus,
1088 1754 1215 1827 odoris
1241 1777 1385 1848 experS,
1416 1756 1618 1831 calefactus

426 1900 651 1970 evaporans3
672 1879 711 1951 in
730 1880 899 1972 partibus
917 1882 939 1952 3
957 1904 1078 1974 aquae
1098 1881 1263 1974 frigidae,
1282 1883 1442 1976 inpane
1462 1886 1478 1956 1
1498 1905 1620 1978 aquae

274 2067 277 2071 ,
427 2005 638 2078 ebullientis
672 2007 838 2093 solvitur,
873 2008 913 2080 in
937 2009 1068 2101 spiritu
1087 2009 1163 2081 vini
1181 2031 1303 2102 paene
1322 2010 1532 2085 insolubilis
1552 2017 1620 2086 esi

533 2131 676 2207 Solutio
692 2155 850 2228 aquosa,
862 2136 1062 2209 roaolionis
1075 2137 1257 2226 nemrim,
1269 2159 1355 2210 cum
1370 2137 1467 2211 kalio
1481 2137 1619 2230 hydro-

426 2259 590 2353 oxydato
612 2261 735 2334 soluto
757 2263 936 2336 calefacta
958 2263 1188 2336 ammoniam
1203 2264 1349 2355 evolvit,
1364 2286 1450 2337 oum
1465 2270 1620 2357 argento

424 2386 555 2460 ninico
592 2387 708 2461 mixta
737 2389 989 2463 sedimentum
1022 2390 1150 2463 album
1183 2413 1395 2481 caseosum,
1435 2392 1475 2464 in
1512 2392 1620 2465 acido
1718 2482 1720 2487 4

423 2513 555 2588 ninico
574 2514 782 2607 insolubile,
802 2517 843 2589 in
863 2517 1053 2590 ammonia
1071 2518 1228 2591 solubile
1249 2518 1368 2591 efficii

535 2642 677 2717 Solulio
707 2665 853 2737 aquosa
876 2646 911 2737 (l
935 2677 983 2710 =
1001 2646 1067 2738 ao)
1092 2667 1160 2719 nec
1181 2666 1281 2740 aqua
1298 2644 1619 2737 hydrosulfurata,

424 2790 495 2843 neo
515 2770 701 2844 solutione
720 2773 824 2864 baryi
843 2773 973 2862 niliiei,
993 2794 1063 2846 nee
1082 2774 1267 2847 solutione
1287 2772 1466 2846 ammonii
1486 2772 1621 2847 oxalioi

424 2917 520 2970 neve
555 2897 661 2970 acido
695 2899 874 2972 sulfurieo
909 2900 1025 2973 diluto
1054 2904 1228 2990 mutetur,
1258 2922 1327 2973 nee
1353 2899 1458 2973 acido
1482 2899 1620 2991 hydro·

426 3024 591 3098 chlorieo
635 3024 821 3099 acidulata
863 3027 975 3119 guttis
1017 3027 1160 3119 aliquot
1201 3027 1287 3100 ferri
1334 3027 1621 3120 sesquichlorati

426 3150 540 3225 soluti
573 3151 708 3226 additis
741 3153 857 3227 rubro
883 3154 1007 3227 colore
1030 3154 1207 3247 tingatm;
1243 3154 1476 3227 ammonium
1505 3154 1621 3227 sullu-

424 3282 549 3351 ralum
586 3280 837 3353 sedimenlum
882 3281 1032 3373 nigrum
1068 3303 1117 3355 ne
1156 3281 1301 3371 efficiat,
1341 3281 1391 3353 ad
1428 3302 1620 3355 summum

427 3389 590 3479 colorem
609 3407 766 3480 viridem
786 3408 890 3481 hand
910 3409 1073 3480 solidum
1092 3409 1285 3500 producat

537 3532 717 3606 Gramma
755 3534 855 3623 salio,
899 3557 985 3607 cum
1019 3534 1113 3607 acidi
1145 3534 1264 3607 niniei
1302 3535 1438 3625 exigna
1475 3534 1622 3627 quanti-

425 3663 502 3733 tate
534 3659 572 3731 in
606 3659 742 3732 balneo
776 3682 897 3753 aquae
931 3662 1171 3753 evaporando
1207 3662 1388 3735 siccatum
1427 3661 1622 3734 residuum

428 3785 557 3859 album
592 3786 781 3878 praebeat,
821 3788 924 3881 quod
969 3787 1102 3861 leniter
1148 3788 1409 3861 candefactum
1457 3787 1621 3860 colorem

426 3933 474 3986 ne
495 3912 632 4001 trahat,
653 3913 721 3985 sed
741 3914 853 4006 plane
874 3913 1050 4006 aufugiat.

580 4148 995 4284 Ammonem
1041 4147 1476 4261 nitrosum.

535 4331 676 4424 Liquor
702 4331 879 4425 limpidus
901 4301 1107 4422 sulissavuS,
1143 4331 1269 4405 odoris
1289 4331 1499 4425 peculiaris,
1518 4331 1623 4405 illum

427 4479 629 4554 pomorum
648 4459 851 4549 monentia,
879 4458 1025 4552 saporis
1045 4458 1187 4533 mentis
1215 4458 1416 4548 aromatici,
1445 4459 1624 4551 ponderis

429 4585 593 4682 specifici
626 4586 935 4678 0·870-0·880,
968 4587 1065 4659 inter
1100 4587 1310 4660 970—990
1353 4584 1547 4674 ebulliens,
1585 4585 1625 4657 in
