3725 5400
714 444 988 564 41514

342 708 449 783 Folia
480 708 656 783 hasilan‘a
687 709 726 782 in
769 709 949 802 petiolum
989 713 1182 782 attenuata
1226 730 1350 801 usque
1382 707 1432 780 ad

238 836 480 910 edecimare
499 836 623 928 longa,
644 836 941 929 oblongo-ovata
955 836 1015 910 vel
1035 836 1208 927 oblonga,
1233 840 1345 909 acuta
1368 838 1434 907 aut

235 962 461 1049 acuminata,
489 964 576 1054 plus
604 962 776 1036 minusve
806 963 994 1055 profunde
1019 962 1339 1036 sinuato-dentata
1368 966 1433 1034 aut

236 1087 470 1183 pinnatifida‚
505 1090 653 1163 caulina
691 1089 1227 1184 semi-amplexicauli·sessilia
1272 1088 1431 1175 minora,

236 1223 360 1306 ovata,
398 1239 531 1310 grosse
564 1218 624 1290 vel
652 1218 988 1305 sinuato-dentata,
1013 1218 1140 1292 omnia
1172 1221 1273 1291 tactu
1305 1216 1434 1290 mollia

238 1344 543 1418 viscido-villosa

347 1472 566 1565 Colligenda
593 1478 684 1546 sunt
712 1493 732 1545 e
761 1471 891 1565 planta
916 1476 1130 1565 spontanea
1147 1472 1370 1545 florescente
1399 1476 1436 1545 et

238 1602 378 1676 siccata
396 1599 436 1673 in
467 1622 559 1673 vase
583 1600 679 1673 bene
709 1600 838 1673 clauso
868 1600 1039 1672 neultra
1067 1620 1209 1673 annum
1237 1598 1434 1673 servanda

240 1727 498 1803 Exsiccalione
525 1727 634 1799 valde
653 1728 863 1815 tabescunt,
895 1727 1056 1818 perfecte
1083 1726 1221 1799 siccata
1248 1730 1338 1799 sunt
1356 1748 1436 1799 cor·

239 1855 481 1949 rugatissima
509 1854 786 1947 glaucescentia
813 1855 937 1927 nervis
976 1855 1121 1943 albidis,
1161 1855 1288 1928 odoris
1315 1855 1437 1947 exigui

238 1982 421 2058 nauseosi
439 1981 631 2067 narcotici‚
652 1981 799 2073 saporis
819 1982 912 2054 fatui
926 2004 973 2055 ex
988 1981 1243 2056 amariusculo
1259 1982 1437 2055 subacris

351 2108 430 2202 Ope
440 2109 675 2200 microscopii
686 2110 983 2182 observanturin
997 2109 1231 2202 mesophyllo
1244 2110 1436 2183 dorsiven·

241 2238 325 2311 trali
344 2244 462 2311 strato
491 2237 682 2310 uniseriali
706 2257 727 2309 e
752 2236 893 2309 cellulis
917 2237 1179 2330 palisonnibus
1202 2237 1435 2310 brevioribus

241 2365 397 2439 cellulae
427 2364 622 2457 crystallus
651 2363 755 2437 calcii
784 2363 915 2436 oxalici
945 2364 1143 2457 simplices
1174 2364 1343 2456 geminas
1373 2369 1438 2437 aut

242 2491 488 2585 sphaeriticas
507 2491 750 2564 includentes,
782 2490 850 2564 Pili
879 2496 969 2564 sunt
996 2491 1136 2564 sinriles
1165 2492 1235 2564 illis
1264 2492 1438 2565 foliorum

242 2618 454 2693 Stramonii.

351 2746 482 2820 Partes
524 2747 600 2819 100
638 2746 773 2820 mercis
816 2767 864 2820 ne
901 2747 1027 2819 minus
1071 2767 1185 2838 quam
1222 2752 1347 2839 partes
1390 2747 1437 2819 18

244 2874 396 2948 extracti
425 2874 616 2967 spirituosi
635 2874 855 2967 praebeant3
886 2874 1019 2947 eadem
1034 2873 1225 2967 quantitas
1245 2875 1440 2946 combusta

244 3023 293 3074 ne
312 3001 398 3094 plus
418 3022 533 3094 quam
548 3006 672 3093 partes
690 3001 740 3073 ru
756 3000 889 3073 cineris
910 3001 1094 3074 exhibeat.

598 3283 746 3420 lolia
782 3286 1086 3421 laborandi.

354 3508 564 3604 Pilocurpus
597 3505 790 3581 laborandi
821 3508 1015 3598 Holmes,
1055 3510 1178 3582 frutex
1205 3508 1441 3583 Brasiliensis

243 3637 342 3709 iuliis
358 3636 670 3729 impari-pinnatis
683 3637 787 3708 t-3
803 3636 912 3728 iugis
928 3637 1063 3710 foliolis
1074 3637 1439 3730 breviterpetiolatis

246 3768 419 3856 exempto
448 3763 576 3836 foliola
595 3764 780 3837 terminali
804 3764 956 3855 longius
976 3765 1164 3857 petiolato,
1186 3765 1323 3856 petiolo
1341 3787 1440 3839 com·

246 3891 351 3963 muni
399 3891 567 3964 obsolete
612 3891 803 3983 triquetra,
849 3913 1012 3984 superne
1056 3892 1310 3980 canaliculato,
1357 3892 1441 3985 pilis

246 4018 459 4111 patentibus
479 4018 650 4091 obsesso,

356 4144 496 4217 Foliola
506 4145 645 4217 siccata
660 4149 781 4233 ovata,
799 4145 973 4238 oblonga,
986 4146 1148 4218 eborata
1156 4147 1215 4219 vel
1224 4145 1441 4237 lanceolata,

246 4272 353 4365 apice
388 4272 628 4364 marginata,
670 4272 753 4345 basi
776 4274 998 4366 plerumque
1017 4273 1055 4345 in
1078 4273 1259 4366 petiolum
1292 4273 1443 4348 brevem

247 4420 419 4472 crassum
439 4404 641 4488 contracta,
668 4401 800 4473 6-15
822 4401 1039 4474 centimetra
1062 4401 1444 4493 longa,integer1irna

248 4526 414 4617 margine
452 4529 631 4616 revoluto,
671 4527 800 4618 rigida,
845 4527 1025 4616 coriacea,
1075 4528 1215 4601 minute
1261 4528 1442 4621 pellucide

247 4658 425 4744 punctata
444 4657 480 4727 et
500 4676 613 4748 saepe
634 4655 768 4727 subtus
797 4654 1151 4746 fusco-punctulum,
1178 4655 1337 4727 obscure
1360 4654 1443 4727 viri-

302 4790 335 4833 n
336 4804 426 4833 εεεεε
428 4803 494 4846 roe-
1120 4794 1151 4845 11
