3725 5400
714 506 872 579 -eor
907 548 954 560 -

147 745 149 748 ·
239 729 278 798 et
304 723 452 797 corticis
481 728 518 796 et
545 724 634 816 ligni
667 746 689 798 e
722 723 866 798 cellulis
901 724 1156 818 leptodermis‚
1187 728 1312 819 amylo
1331 748 1433 801 com·

236 850 363 944 posito
380 850 475 925 fetis

345 976 524 1050 Fodiatur
532 975 654 1050 Radix
668 976 818 1069 plantae
831 975 999 1050 florentis
1015 982 1052 1050 et
1064 977 1208 1050 fructus
1219 979 1383 1069 gerentm
1397 986 1433 1054 et

236 1103 381 1178 reiectis
396 1102 565 1196 partibus
581 1123 736 1194 quoquo
755 1103 871 1177 modo
884 1103 1020 1176 vitiatis
1041 1103 1208 1177 celeriter
1226 1104 1366 1178 siccata
1383 1128 1432 1180 ne

235 1231 336 1304 ultra
353 1251 496 1303 annum
513 1228 554 1302 in
570 1249 661 1302 vase
677 1229 817 1322 optime
832 1231 964 1303 clauso
980 1230 1022 1303 in
1034 1231 1120 1303 loco
1134 1230 1234 1304 sicco
1250 1237 1431 1307 serretur.

346 1354 470 1430 Radix
487 1355 646 1448 lignosa,
675 1359 799 1444 tenax,
820 1355 987 1429 fractura
1004 1356 1158 1446 fibrosa‚
1193 1357 1232 1429 in
1265 1358 1432 1434 sectione

235 1488 455 1557 transversa
474 1481 575 1574 ligno
600 1481 731 1556 citrino
755 1482 931 1556 radiatim
948 1484 1077 1558 striato
1103 1484 1288 1558 instructa
1311 1508 1431 1580 aeque

238 1631 284 1684 ac
311 1609 421 1684 radix
445 1631 535 1684 rere
563 1610 720 1684 collecta
747 1614 784 1684 et
810 1610 965 1700 siccata,
995 1616 1103 1685 extus
1127 1633 1259 1704 grosse
1278 1633 1431 1705 rugosa,

235 1738 470 1826 luscescenS,
512 1737 678 1810 tractura
719 1736 945 1827 subccmea,
990 1740 1114 1832 amylo
1157 1740 1235 1814 iere
1276 1740 1431 1816 omnino

239 1886 373 1937 carens
392 1862 591 1936 reliciatur.
1211 1845 1214 1850 ’

347 1991 423 2063 100
443 1989 595 2063 Radlcis
614 1994 741 2084 partes
769 2012 818 2064 ne
846 1992 932 2084 plus
954 2012 1068 2084 quarn
1089 1992 1112 2064 6
1142 1997 1269 2085 partes
1295 1992 1430 2067 cineris

235 2118 458 2212 relinquant.

461 2366 637 2501 Radix
675 2368 873 2502 dalani
910 2369 1202 2503 aromatici.

656 2576 852 2657 Rhizoma
872 2575 1010 2656 Acori

341 2754 476 2827 Aconn
490 2753 657 2828 Coimus
670 2756 727 2844 h,
746 2757 875 2848 planta
892 2756 1071 2849 perennis
1090 2756 1230 2830 inAsia
1242 2756 1427 2849 indigena,

232 2903 335 2956 mmc
353 2881 393 2955 in
414 2881 508 2956 locis
536 2882 731 2975 paludosis
756 2882 929 2976 Europae
954 2883 1101 2957 mediae
1124 2883 1264 2976 ubique
1294 2889 1429 2977 sponte

234 3030 423 3084 crescam.

150 3118 156 3128 ’
341 3135 529 3209 Rhizoma
564 3158 653 3209 sero
690 3141 875 3209 autumno
897 3137 1084 3209 effossum
1121 3143 1159 3210 et
1193 3137 1268 3212 leni
1306 3138 1429 3212 calore

233 3264 415 3338 siccamm
435 3263 595 3336 occurrit
613 3264 653 3336 in
670 3263 800 3336 inistis
821 3263 1121 3356 subcylindricis,
1141 3266 1299 3358 paulum
1329 3285 1431 3339 com·

233 3392 378 3484 pressis
405 3399 472 3465 aut
497 3413 566 3485 per
591 3392 865 3484 longitudinem
891 3392 1009 3481 fissis,
1041 3391 1082 3465 in
1107 3392 1202 3466 fecie
1235 3392 1431 3486 superiore

234 3519 390 3592 alternis
420 3517 567 3593 vicibus
594 3518 770 3611 stigmata
796 3518 973 3592 loliorum
999 3519 1159 3611 trigona,
1199 3519 1431 3612 aliquantum

235 3644 419 3737 depressa
460 3645 596 3719 coloris
629 3645 878 3719 luscescentis
916 3650 954 3719 et
989 3629 1204 3718 internodia
1233 3645 1432 3738 longitudi-

234 3772 368 3846 naliter
403 3794 546 3864 rugosa
586 3772 826 3846 tabescentia
869 3778 936 3846 aot
982 3772 1432 3847 olivaceobnmescentia

235 3899 454 3988 ostendens,
498 3921 523 3971 a
553 3900 671 3973 latere
702 3899 789 3972 hino
822 3899 909 3972 inde
948 3899 1124 3991 stigmata
1156 3921 1361 3994 scaporum
1393 3906 1431 3973 et

233 4045 441 4115 ramorum,
473 4025 634 4099 insacia
667 4026 840 4099 bifemore
872 4025 1044 4100 radicum
1073 4025 1264 4100 cicatrices
1292 4048 1429 4119 parvas

233 4150 463 4226 orbiculatas
511 4160 710 4227 excavatas
756 4153 795 4225 in
838 4153 1045 4226 curvaturis
1088 4151 1318 4246 simplicibus
1366 4159 1431 4226 aut

234 4278 445 4371 duplicibus
465 4279 677 4372 dispositas.
1293 4346 1296 4350 .

342 4405 507 4478 'lextura
525 4406 661 4479 mercis
679 4407 786 4496 leriS,
814 4407 917 4480 intus
946 4406 1271 4496 albido-mbentis,
1301 4408 1428 4480 odoris

233 4531 431 4625 peculiaris
461 4533 663 4622 aromatici,
694 4533 841 4626 saporis
861 4532 980 4607 amari
998 4537 1036 4606 et
1054 4533 1247 4607 aromatici
1266 4538 1324 4608 est
1342 4534 1429 4608 sub·

235 4659 442 4753 spongiosa
458 4664 614 4753 propter
631 4662 784 4733 canales
803 4659 982 4734 aeriferos
997 4682 1225 4735 numerosos
1244 4661 1284 4733 in
1297 4682 1428 4754 paren·
