3725 5400
6 3141 11 3252 ;
108 2996 310 3440 lp

927 478 1155 551 -xvl-

450 698 720 777 examinando
742 693 906 792 trutina,
948 702 1153 803 quantitas
1185 700 1436 806 praescripta
1458 707 1645 784 substan-

448 862 529 939 tiae
552 863 718 941 activae.

556 1024 604 1105 In
635 1020 883 1128 simplicibus
915 1053 939 1106 e
970 1051 1095 1132 regno
1127 1031 1340 1134 vegetabili
1378 1033 1642 1133 sequentibus

447 1190 652 1291 quantitas
694 1192 947 1270 substantiae
979 1191 1133 1272 activae
1167 1192 1331 1272 definita
1369 1200 1440 1273 aut
1474 1195 1641 1274 minima

445 1353 696 1456 praescripta
718 1362 793 1434 est.

553 1548 689 1623 Cortex
725 1512 867 1625 Cllinae
905 1555 945 1643 (5
983 1554 1113 1645 proc),
1143 1552 1247 1625 Folia
1278 1552 1406 1626 Tbeae
1442 1552 1479 1652 (l
1513 1558 1640 1646 proc),

444 1694 623 1769 Guarana
659 1676 699 1787 (l
727 1699 856 1788 proc),
895 1697 1023 1772 Herba
1060 1697 1221 1773 Sabinae
1259 1699 1300 1791 (4
1328 1698 1461 1794 proc),
1500 1699 1637 1792 Opium

444 1841 509 1933 (la
530 1843 661 1933 proc),
688 1838 812 1915 Radix
834 1842 1117 1934 lpecacuanhae
1137 1844 1175 1933 (l
1196 1847 1326 1935 proc),
1347 1843 1469 1917 Radix
1488 1844 1637 1937 Ialapae

444 1987 512 2076 (10
539 1989 671 2079 proc),
711 1988 848 2061 Samen
878 1988 991 2063 Celae
1028 1989 1104 2080 (lo
1132 1992 1262 2083 proc),
1304 1989 1441 2062 Samen
1467 1989 1639 2081 Slmchni

442 2131 519 2223 (db
538 2130 666 2227 proc).

550 2337 598 2415 In
652 2338 948 2441 praeparatis
1007 2338 1406 2440 pharmaceuticis
1459 2339 1635 2442 primum

440 2506 554 2579 tenet
575 2500 711 2580 locum
732 2500 907 2579 formula
938 2502 1214 2603 praeparandi,
1245 2502 1287 2581 in
1320 2526 1400 2604 qua
1431 2503 1518 2581 eius
1541 2524 1634 2580 con·

440 2665 649 2744 stituentia
671 2668 742 2744 aut
759 2664 984 2744 secundum
1004 2688 1146 2746 eorum
1165 2664 1444 2768 quantitatem,
1468 2690 1631 2770 expres·

440 2852 529 2907 sam
557 2828 739 2931 exceptis
767 2830 980 2931 perpaucis
1001 2830 1215 2932 partibus
1247 2836 1332 2928 aut¹
1351 2831 1458 2932 quod
1485 2830 1631 2909 attinet

439 2992 634 3094 simplicia
655 2994 881 3072 secundum
904 3017 995 3072 eiam
1018 3000 1060 3072 et
1092 2994 1338 3097 categoriam
1369 2938 1631 3152 pharmacop-

416 3110 637 3316 ‘posticam
668 3156 709 3233 in
741 3156 925 3235 ordinem
956 3155 1175 3258 dispositae
1213 3162 1321 3234 sunt.-
1364 3156 1630 3258 Subsequitur

436 3320 590 3398 notatio
634 3319 766 3398 brevis
807 3319 1037 3422 praeparati
1081 3319 1255 3398 confecti
1298 3319 1404 3398 notis
1448 3319 1629 3396 externis

435 3481 613 3585 physicis
651 3488 692 3561 et
730 3482 837 3561 notis
895 3483 1081 3561 sensibus
1120 3483 1298 3560 maxime
1344 3482 1547 3573 subiectis
1587 3483 1628 3560 in
1685 3451 1687 3456 ¹

434 3645 686 3748 praeparatis
718 3646 888 3748 liquidis,
926 3646 995 3724 ubi
1026 3646 1303 3724 necessarium
1335 3651 1406 3724 aut
1427 3645 1627 3724 desidera·

433 3810 522 3901 bile,
553 3809 762 3888 nominato
797 3810 975 3912 pondere
1008 3810 1197 3912 specifico
1231 3815 1273 3888 ct
1311 3810 1351 3887 in
1379 3808 1628 3910 praeparatis

433 3973 597 4053 maioris
635 3973 831 4052 momenti
887 3974 1139 4076 praescripta
1182 3974 1408 4075 quantitate
1463 3973 1628 4050 minima

433 4137 582 4216 residui
602 4138 709 4228 sicci,
726 4138 767 4216 in
788 4137 988 4216 nonnullis
1023 4137 1261 4240 praeprimis
1282 4136 1496 4215 narcoticis
1513 4160 1626 4237 prae-

433 4301 584 4403 scripta
607 4297 832 4403 quantitate
868 4300 1036 4378 minima
1079 4302 1142 4378 vel
1173 4301 1338 4379 definita
1376 4299 1627 4377 substantiae

433 4466 586 4544 activae
617 4487 795 4542 unacum
824 4464 1077 4567 expositione
1110 4461 1291 4542 methodi
1319 4463 1564 4565 procedendi
1584 4463 1626 4541 in

432 4630 518 4707 eius
551 4629 751 4707 examine.
782 4629 1028 4730 Praeparata
1059 4627 1390 4730 pliarmaceutica
1416 4627 1628 4730 sequentia
