3725 5400
706 520 942 597 -213-

465 737 645 872 llorla
675 735 860 872 Violae
891 736 1176 874 uiooloris

343 957 447 1033 Victo
465 957 608 1032 tricolor
630 958 680 1047 L„
702 959 832 1053 planta
869 980 1008 1050 annua,
1051 960 1091 1033 in
1128 959 1228 1033 arvis
1247 963 1285 1033 et
1320 959 1421 1052 agris

228 1086 370 1184 ubique
388 1086 510 1160 obvia.

335 1213 458 1288 Herba
486 1213 620 1288 florida
638 1213 778 1288 siccata
803 1215 909 1289 ceule
943 1214 1170 1309 triangulari,
1188 1214 1287 1289 foliis
1305 1215 1422 1310 petio·

226 1341 311 1414 latis
353 1341 508 1434 sparsis
552 1340 982 1430 subrotnndocordatis
1025 1342 1145 1415 ovatis
1192 1344 1258 1415 aut
1295 1342 1421 1413 ovato·

228 1467 412 1560 oblongis
447 1469 619 1562 crenatiS,
662 1470 809 1563 stipulis
841 1469 990 1561 magnis
1036 1467 1422 1562 lyram-pinnatifidis

226 1596 364 1690 petiolo
397 1596 641 1689 longioribus
675 1596 832 1670 floribus
857 1596 1073 1670 ancillaribus
1103 1595 1278 1670 solitariis
1310 1594 1422 1686 longe

226 1722 498 1817 pedunculatiS,
516 1726 655 1797 corolla
669 1744 796 1817 parva,
817 1724 1007 1817 impariter
1023 1721 1329 1817 quinquefoliota,
1349 1722 1421 1795 cel·

227 1853 363 1942 carata,
382 1851 518 1925 coloris
537 1851 915 1925 alnido-flavescentis
935 1854 1002 1926 aut
1019 1849 1257 1925 subviolacei.

339 1978 414 2051 100
424 1978 572 2053 Herboe
585 1983 712 2073 partes
727 2000 775 2053 ne
785 1978 999 2071 relinquant
1008 1979 1094 2072 plus
1106 1998 1221 2071 quam
1236 1976 1283 2050 ll
1294 1980 1422 2069 partes

87 2135 89 2138 ⁴
233 2105 379 2180 cineris.

607 2302 1031 2475 llytlrargyrun.

335 2523 524 2599 Metallum
547 2524 730 2618 liquidnm
757 2525 893 2599 coloris
913 2524 1090 2617 argentei,
1111 2523 1150 2597 in
1164 2524 1272 2598 acido
1291 2524 1422 2598 uitrico

229 2651 309 2727 sine
329 2652 480 2727 residuo
501 2652 671 2742 solubile,
691 2652 870 2747 ponderis
890 2651 1054 2747 specifici
1077 2652 1201 2727 1056.

335 2779 390 2854 Ne
419 2780 468 2854 sit
493 2786 606 2855 tenax
643 2801 714 2854 nec
732 2781 893 2854 metallis
914 2780 1046 2854 alienis
1066 2779 1314 2874 inquinatum,
1335 2779 1422 2852 inde

230 2907 476 2983 destillatione
496 2928 542 2982 ex
559 2907 703 3000 integro
723 2913 909 3001 evaporet

267 3198 938 3333 Hydrarwmm
973 3193 1385 3308 Memora·

413 3364 587 3470 lum
623 3358 1242 3472 ammonianum

229 3542 303 3637 Rp:
336 3546 547 3636 llynargyri
564 3545 744 3617 lichloroli
764 3547 927 3618 corrosivl
1166 3548 1290 3639 portes
1361 3544 1424 3616 50.

312 3671 423 3744 Solve
445 3670 485 3744 in

339 3803 452 3889 Aquae
1126 3796 1290 3892 partibus
1309 3799 1424 3870 1000.

312 3923 456 3999 Solutio
475 3925 614 3999 filtrata
630 3926 886 4000 immisceatur
910 3926 982 3999 sub
1003 3925 1183 3999 continua
1198 3925 1398 4017 agitatione

338 4056 529 4127 Ammoniou
1125 4051 1291 4147 partibus
1362 4053 1424 4126 75.

312 4178 599 4274 Praecipitalum
618 4185 770 4254 enatum
789 4180 886 4254 filtro
908 4181 1107 4254 collectum

341 4311 454 4398 Aquae
473 4309 619 4396 lligltluc
1126 4303 1291 4402 portibus
1347 4307 1426 4379 400

341 4454 456 4526 quam
485 4434 591 4508 citius
620 4435 738 4507 lotum
768 4439 806 4508 et
833 4455 1056 4528 expressum
1085 4434 1123 4507 in
1155 4435 1239 4507 loco
1264 4434 1427 4506 obscuro

233 4565 486 4654 temperatura
518 4561 707 4635 ordinaria
734 4562 895 4636 siccetur
923 4567 961 4635 et
987 4562 1027 4634 in
1045 4583 1136 4635 vase
1156 4561 1230 4634 luci
1249 4560 1427 4654 impervio

234 4692 412 4762 servetur.
