3725 5400
910 490 1146 561 -ibt—

538 704 683 794 Quodsi
729 708 949 800 conspergis
995 707 1191 800 pulverem
1228 707 1334 781 Croci
1386 714 1493 801 gutta
1529 708 1624 782 acidi

429 833 595 907 sullurici
615 834 843 907 concentrati
876 834 980 907 color
993 834 1152 928 pulchre
1172 836 1368 909 caervrleus
1402 835 1529 925 oritur,
1559 836 1623 929 qui

424 962 497 1034 cito
516 961 555 1034 in
575 961 735 1036 obscure
758 960 979 1049 violaceum,
1000 965 1082 1034 tum
1099 961 1382 1035 rubro-fuscum
1401 962 1546 1035 transit.

535 1087 590 1162 Ne
628 1088 677 1161 sit
712 1109 817 1161 merx
853 1088 1048 1181 inquinata
1085 1088 1307 1162 staminibus
1354 1092 1420 1162 aut
1456 1089 1622 1163 antberis

425 1205 545 1305 Croci,
578 1215 734 1289 floribus
763 1214 1003 1306 Calenduiae,
1033 1215 1224 1290 Carthami
1256 1222 1321 1290 aut
1348 1217 1429 1290 aliis
1453 1218 1622 1311 partibus

425 1342 693 1435 vegetabilibus
726 1342 763 1415 in
791 1363 917 1416 mcccc
954 1364 1055 1440 aqua
1087 1348 1277 1417 macerata
1302 1344 1424 1417 forma
1443 1345 1622 1437 singulari

424 1468 533 1542 facile
553 1468 829 1562 dignoscendis.

537 1596 713 1671 Servetur
732 1596 875 1671 Crocus
895 1618 919 1670 a
936 1598 1021 1671 luce
1040 1602 1219 1671 remotus,

833 1885 1021 2020 liores
1049 1886 1212 2020 Koso.

534 2105 699 2202 Hagenia
714 2103 924 2202 abyssiniro
935 2106 1200 2196 Willdenow,
1218 2109 1330 2181 arbor
1344 2108 1382 2180 in
1401 2109 1620 2201 Abyssimae

426 2231 617 2306 montibus
637 2232 822 2325 indigena

534 2358 733 2432 Paniculae
762 2359 946 2432 femineae
985 2360 1187 2434 defloratae
1215 2360 1375 2435 siccatae
1408 2363 1619 2436 ramosissi-

425 2508 521 2575 mae,
546 2487 780 2577 multitlorae,
798 2487 1024 2576 bracteatas,
1046 2488 1211 2576 villosae,
1238 2490 1393 2562 floribus
1413 2490 1619 2564 bibracteo·

424 2614 520 2703 latis,
551 2614 749 2688 bracteolis
782 2615 1040 2706 subrotundiS,
1079 2614 1338 2709 integerrimis
1384 2617 1618 2691 membrana·

425 2743 501 2817 cais
525 2742 900 2832 reticulato-venosiS,
927 2743 1213 2818 rubescentibus
1237 2748 1280 2818 ut
1299 2746 1429 2838 sepala
1450 2744 1529 2818 inb
1551 2745 1619 2817 cir-

424 2871 518 2944 culis
570 2870 736 2962 margine
793 2870 987 2964 hypantbii
1047 2871 1171 2945 brevis
1228 2872 1406 2946 turbinati
1465 2872 1617 2960 inserta,

424 3000 623 3092 quorumb
640 2998 744 3071 auti
766 2998 949 3072 exteriora
968 2999 1132 3091 oblonga
1151 2998 1457 3092 erecto-patentia
1476 2998 1619 3072 circiter

425 3131 482 3199 ter
508 3126 679 3217 longiora
707 3131 797 3198 sunt
823 3125 1062 3199 interioribus
1083 3127 1106 3199 5
1127 3125 1188 3198 vix
1209 3128 1231 3199 3
1252 3127 1461 3199 millimetra
1488 3126 1620 3217 longis,

423 3252 578 3346 Saporis
602 3261 691 3325 sunt
714 3254 1125 3343 muscoso-summani,
1159 3253 1424 3345 adstringentis
1454 3259 1491 3327 ct
1513 3254 1619 3327 aeris.

532 3380 635 3453 Marx
674 3380 833 3453 occurrit
877 3380 918 3452 in
959 3380 1146 3453 fasciculis
1193 3381 1476 3473 subcylindricis
1523 3381 1621 3453 circa

426 3510 449 3580 5
480 3507 682 3580 decimetra
709 3506 842 3597 longis
882 3507 1015 3579 culmis
1050 3506 1182 3601 Cyperi
1219 3507 1400 3580 articulati
1437 3507 1620 3600 spiraliter

421 3634 713 3708 circumvolutis.
734 3633 901 3722 Vetusta,
922 3634 1083 3706 bracteis
1103 3635 1317 3728 sepaiisque
1346 3634 1481 3707 coloris
1509 3633 1617 3721 finci,

422 3762 484 3834 vix
515 3763 749 3835 rubescentis
787 3761 972 3834 reiciatur
1005 3782 1124 3854 aeque
1158 3783 1202 3834 ac
1239 3783 1343 3834 merx
1376 3761 1516 3835 sistens
1555 3766 1620 3833 aut
1764 3743 1769 3753 ¹

421 3890 619 3963 continens
682 3890 795 3962 flores
851 3889 1043 3962 masculos
1100 3889 1286 3962 admixtos
1339 3888 1619 3981 dignoscendos

424 4017 561 4108 sepaiis
600 4017 845 4089 exterioribus
884 4017 1002 4088 multo
1041 4016 1248 4089 minoribus
1296 4016 1535 4089 interioribus
1583 4020 1620 4087 et

421 4142 591 4215 antheris
611 4143 804 4217 fertilibus.

532 4269 661 4344 Floras
695 4293 718 4344 a
750 4272 864 4344 ramis
897 4271 1146 4344 crassioribus
1179 4271 1323 4345 bberati
1354 4271 1394 4345 in
1412 4291 1503 4345 vase
1523 4273 1618 4345 bene

421 4398 552 4472 clauso
566 4397 640 4471 luci
653 4399 834 4491 impervie
850 4404 1057 4472 serventur.
1068 4398 1194 4472 Pulvis
1206 4418 1251 4471 ex
1262 4401 1431 4491 ternpore
1450 4404 1615 4493 paretur.

535 4525 611 4598 100
642 4526 723 4598 cius
756 4530 881 4619 partes
915 4547 964 4599 ne
996 4526 1082 4619 plus
1116 4546 1232 4618 quam
1264 4529 1390 4618 partes
1426 4527 1449 4599 6
1483 4527 1618 4600 cineris

422 4653 647 4746 relinquant
