3725 5400
934 493 1124 567 -6-

639 889 866 1026 Acidim
889 889 1150 1025 acotiom
1180 888 1419 1024 anunm.

537 1146 679 1243 liquor
696 1146 872 1242 limpidus
893 1148 1057 1237 decolor,
1082 1146 1253 1240 volatilis,
1274 1146 1402 1222 odoris
1424 1149 1462 1218 ot
1479 1143 1628 1238 saporis

434 1276 540 1365 acidi,
559 1276 737 1370 ponderis
757 1275 924 1369 specifici
947 1276 1074 1349 1·041.

538 1406 636 1501 Apte
662 1403 821 1478 dilutum
849 1402 1009 1477 candem
1040 1402 1220 1498 praebeat
1254 1400 1438 1474 rationem
1471 1399 1519 1473 ad
1546 1419 1628 1472 rea·

432 1504 569 1626 genua,
588 1532 739 1625 qualem
759 1531 909 1607 acidum
927 1530 1110 1604 aceticum
1129 1532 1425 1602 concontratum.

537 1657 581 1732 In
609 1658 780 1752 partibus
813 1658 887 1732 100
917 1657 1109 1732 contineat
1135 1659 1262 1750 partes
1294 1655 1345 1729 30
1372 1653 1468 1728 acidi
1485 1653 1626 1728 acetici.

431 1786 471 1859 Si
513 1808 602 1879 crgo
645 1807 666 1859 e
714 1784 941 1860 centimetris
989 1784 1131 1858 cubicis
1182 1784 1231 1857 10
1265 1784 1345 1856 cius
1394 1803 1481 1857 cnm
1527 1801 1629 1875 aqua

433 1913 717 1988 commiscendo
737 1913 955 1988 centimetra
973 1911 1106 2011 cubica
1125 1912 1199 1984 100
1216 1909 1395 1999 effeceris
1411 1908 1629 1983 centimetra

432 2040 565 2115 cubica
587 2040 636 2115 10
656 2040 772 2114 huius
792 2039 898 2113 diluti
915 2039 1073 2133 liquoris
1087 2038 1285 2112 minimum
1303 2036 1495 2131 requirant
1512 2035 1625 2110 centi-

431 2172 553 2242 metra
580 2168 712 2242 cubica
742 2168 801 2241 50
822 2166 1022 2241 solutionis
1052 2165 1326 2240 acidimetn'cac
1354 2164 1548 2257 normalis
1584 2168 1629 2237 ut

432 2296 572 2370 ronciio
591 2295 698 2369 acida
715 2295 756 2368 in
773 2300 949 2370 neutram
967 2299 1145 2368 vertatur.

414 2795 417 2799 Α
538 2655 882 2769 actuum
918 2652 1513 2769 arsenicomm.

537 2878 674 2953 Fiusta
716 2882 826 2952 extus
860 2878 1061 2971 plurimum
1103 2876 1189 2948 alba
1226 2874 1476 2968 porcellanca,
1524 2873 1627 2946 intus

429 3006 547 3081 vitrea
564 3008 624 3079 vel
641 3006 765 3100 pulvis
785 3003 907 3079 albus.

536 3133 696 3207 Acidum
716 3133 977 3206 arsenicosnm
994 3130 1034 3203 in
1061 3130 1153 3203 tubo
1167 3129 1383 3223 probatorio
1400 3132 1508 3202 caute
1529 3128 1626 3202 cale·

427 3261 570 3334 factum
589 3259 832 3333 sublimatum
851 3259 978 3332 album
998 3257 1122 3350 gignit,
1143 3257 1340 3349 crystallus
1364 3257 1502 3331 nitidas
1522 3260 1624 3329 octa·

427 3387 573 3461 concas
608 3386 668 3460 vol
694 3387 939 3461 tetraidricas
968 3386 1118 3459 sistens.
1139 3384 1275 3458 Prnnis
1293 3385 1473 3458 iniectum
1501 3382 1627 3457 avolat

428 3514 584 3588 odorem
613 3513 809 3587 aliiaccum
847 3534 1044 3605 spargens.
1082 3511 1311 3585 Calefaotnm
1347 3510 1544 3585 residuum
1575 3531 1626 3583 no

427 3641 626 3734 relinquat.

536 3766 579 3842 In
610 3766 782 3860 partibus
824 3767 873 3840 10
907 3768 1121 3840 ammoniae
1159 3766 1272 3858 plane
1310 3765 1492 3853 sulcatum
1530 3763 1625 3838 haec

428 3893 565 3968 solutio
595 3893 732 3967 additis
762 3894 930 3986 pactibus
959 3894 1008 3967 10
1037 3913 1160 3986 aquae
1194 3892 1302 3966 acido
1335 3891 1625 3984 hydrochlorico

426 4015 712 4114 supersaturata
745 4021 910 4095 colorem
943 4022 1085 4094 flavum
1116 4041 1164 4093 ne
1202 4021 1371 4112 accipiat,
1410 4020 1485 4094 imo
1525 4040 1625 4115 aqua

425 4147 734 4240 hydrosnlfiuata
785 4149 911 4223 addita
965 4149 1091 4238 statim
1142 4148 1393 4222 sedimentum
1450 4146 1624 4220 cininum

428 4275 574 4366 efficiat,
596 4275 699 4368 quod
717 4276 757 4349 in
780 4277 972 4350 ammonia
994 4277 1053 4349 vel
1076 4276 1268 4349 ammonio
1293 4276 1493 4349 carbonico
1512 4276 1625 4367 plane

429 4403 608 4476 solvatur.

538 4530 767 4605 Contimotra
790 4529 924 4604 cubica
955 4532 1003 4603 10
1037 4528 1248 4617 solutionis
1273 4535 1427 4622 paratae
1466 4551 1486 4602 e
1525 4529 1624 4603 doci·

427 4658 606 4750 grammis
627 4657 650 4731 5
670 4656 776 4729 Acidi
796 4657 1002 4731 arsenicosi
1022 4661 1059 4731 et
1077 4655 1255 4749 grammis
1287 4657 1308 4727 3
1347 4657 1459 4731 natrii
1486 4656 1623 4750 hydro·
