3725 5400
904 469 1143 542 -172-

432 683 1200 821 momumeunaum
1244 689 1623 799 solutum

535 904 676 999 liquor
694 925 864 998 aquosus
885 904 1048 995 decolor,
1068 905 1255 999 limpidus,
1280 907 1407 980 odoris
1427 907 1624 1000 peculiaris
1717 994 1723 1007 ,

427 1032 640 1124 pungentis,
668 1032 867 1106 reactionis
890 1033 1061 1106 neutrius
1081 1037 1146 1106 aut
1164 1034 1379 1108 subacidae.
1417 1034 1459 1108 ln
1487 1036 1623 1109 balneo

427 1179 548 1252 aquae
583 1166 806 1252 evaporatus
843 1180 1012 1233 massam
1041 1161 1263 1252 amorpham
1291 1161 1428 1250 albam,
1458 1162 1496 1235 in
1525 1183 1625 1255 aqua

427 1285 665 1360 insolubilem
698 1285 883 1378 relinquit,
917 1308 1015 1380 quae
1048 1287 1226 1361 calefacta
1254 1288 1335 1362 sine
1358 1288 1511 1362 residuo
1541 1310 1624 1362 eva-

427 1413 560 1497 nescit
580 1433 667 1486 cum
682 1413 872 1486 ammonia
885 1413 1217 1505 superabundante
1232 1415 1370 1488 mixtus
1386 1416 1474 1489 etin
1490 1416 1625 1489 balneo

428 1560 549 1633 aquae
603 1543 827 1632 evaporatus
880 1540 1076 1614 residuum
1122 1541 1389 1634 crystallinum,
1441 1542 1480 1616 in
1527 1564 1626 1635 aqua

426 1667 597 1740 facillime
632 1666 789 1740 solubile
822 1666 1006 1759 relinquit
1045 1667 1147 1759 quod
1175 1668 1215 1741 in
1248 1669 1378 1742 tubulo
1408 1669 1625 1761 probatorio

430 1794 651 1867 calefactum
669 1794 916 1887 pulcherrime
937 1794 1123 1867 sublimat

537 1920 566 1994 E
605 1921 792 1994 solutione
832 1922 976 2014 argenti
1013 1921 1133 1995 uitrici
1168 1922 1429 1995 ammoniacali
1461 1922 1636 2021 Formal·¹

429 2049 623 2141 dehydum
650 2049 818 2122 solutum
845 2054 1043 2141 argentum
1071 2050 1297 2124 metallicum
1327 2056 1363 2123 et
1390 2072 1410 2123 e
1439 2051 1626 2125 solutione

429 2173 590 2249 alcalina
628 2177 732 2269 cupri
769 2175 930 2248 tartarici
966 2176 1169 2249 fervefacta
1197 2198 1355 2270 cuprum
1383 2177 1627 2271 oxydulatum

425 2303 591 2398 deponit.

539 2428 883 2523 Formaldehydum
902 2430 1080 2521 solutum,
1098 2430 1266 2523 partibus
1287 2432 1312 2503 4
1332 2452 1453 2524 aquae
1469 2432 1627 2505 dilutum

431 2578 501 2631 nec
529 2561 695 2630 mutetur
733 2556 860 2630 addita
897 2578 996 2650 aqua
1024 2556 1331 2649 hydrosuiiirrata
1367 2578 1437 2632 nec
1475 2558 1629 2632 adiectis

432 2683 683 2758 solutionibus
702 2685 806 2778 baryi
825 2684 945 2759 nitrici
965 2691 1029 2759 aut
1048 2684 1191 2776 argenti
1210 2684 1338 2759 uitrici

541 2811 810 2885 Centimetrum
843 2812 1017 2886 cubicum
1044 2812 1334 2904 Formaldehydi
1365 2812 1478 2888 soluti
1501 2813 1629 2887 addita

431 2943 537 3031 gutta
569 2940 766 3013 solutionis
800 2939 1071 3014 acidimetricae
1106 2939 1286 3013 normalis
1323 2960 1371 3014 ne
1400 2940 1626 3014 reactionem

428 3066 575 3140 acidam
592 3069 780 3159 praebeat

538 3194 683 3283 Quodsi
701 3194 883 3268 mixturae
904 3214 924 3267 e
944 3194 1170 3268 centimetris
1197 3194 1336 3267 cubicis
1358 3195 1409 3268 50
1429 3194 1628 3268 solutionis

428 3322 538 3395 natn'i
565 3321 839 3413 hydrooxydati
880 3321 1060 3394 normalis
1099 3341 1185 3394 cum
1222 3321 1449 3394 centimetris
1487 3321 1628 3395 cubicis

431 3449 452 3522 3
485 3447 773 3541 Formaldehydi
806 3448 918 3522 soluti
950 3449 989 3520 in
1018 3447 1209 3521 cucurbita
1231 3448 1350 3521 vitrea
1377 3448 1453 3521 alta
1484 3450 1626 3522 sensim

430 3576 646 3669 sensimque
681 3576 869 3649 addideris
903 3575 1121 3649 centimetra
1154 3575 1285 3648 cubica
1322 3576 1397 3649 100
1426 3574 1626 3649 solutionis

428 3702 930 3798 hydrogeniihvperoxydati
940 3702 1109 3776 neutrius
1126 3708 1162 3774 et
1172 3702 1434 3795 expectaveris,
1445 3702 1626 3795 quamdiu

432 3853 452 3903 e
471 3830 633 3903 mixtura
651 3830 839 3904 vesiculae
860 3830 962 3922 gasis
981 3830 1163 3917 oriuntur,
1192 3850 1240 3901 ne
1260 3830 1346 3921 plus
1371 3850 1485 3923 quam
1510 3829 1623 3902 centi-

429 3963 550 4032 metra
578 3957 709 4030 cubica
746 3959 793 4031 10
818 3958 913 4031 acidi
942 3956 1111 4030 sulfurici
1138 3957 1318 4030 normalis
1352 3964 1627 4031 consumantur

431 4084 480 4157 ad
494 4084 762 4177 perficiendam
777 4085 1007 4159 reactionem
1022 4088 1207 4172 neutram,
1223 4083 1424 4162 indicatam
1438 4084 1625 4158 solutione

427 4211 553 4285 laccae
572 4212 702 4284 musci

539 4338 714 4413 Servetur
734 4360 757 4412 a
774 4335 859 4413 luce
878 4344 1075 4413 remotum.
