3725 5400
94 3741 111 3912 l
227 3687 303 3768 ‘²‘

912 469 1158 540 -74-·

416 711 580 784 quorum
598 709 677 761 una
690 687 829 781 pagina
843 688 992 761 obtecta
1010 695 1069 760 est
1087 663 1208 760 farina
1224 685 1372 779 Sinopis
1388 684 1611 778 oleopingui

415 817 563 910 privata
581 819 618 887 et
636 836 707 908 ope
726 814 839 887 medii
858 813 1269 911 agglutinantisfixata.

524 941 579 1016 ue
630 941 679 1015 sit
728 940 847 1014 caina
898 941 1046 1034 Sinopis
1092 940 1256 1013 rancida
1329 940 1441 1033 Aqua
1486 938 1611 1033 apua
1744 915 1747 922 ’

415 1071 631 1145 humectata
667 1068 739 1142 cito
780 1069 936 1142 odorem
973 1067 1045 1142 olei
1083 1067 1230 1161 Sinapis
1275 1066 1440 1141 aetherei
1476 1050 1611 1140 fortem

415 1201 578 1290 spargat.

672 1483 948 1618 Chiuiuuu
976 1482 1363 1620 hisuliuricurr.

523 1703 694 1799 Crystalli
711 1705 949 1798 prismaticae
979 1705 1098 1795 albae,
1129 1704 1280 1794 nitidae,
1311 1703 1458 1797 saporis
1482 1703 1609 1791 amari,

413 1832 453 1905 iu
490 1839 577 1906 atre
613 1833 809 1926 paululum
845 1833 1070 1927 fatiscentes.
1107 1831 1150 1904 ln
1182 1832 1353 1925 partibus
1400 1832 1447 1904 10
1486 1852 1606 1924 aquae

413 1959 677 2052 frigidaelente
693 1959 761 2033 sed
776 1959 898 2052 plane,
914 1960 1101 2033 difficilius
1115 1959 1154 2032 in
1169 1958 1301 2051 spiritu
1313 1956 1390 2031 vini
1404 1958 1610 2032 solvuntur.

416 2087 559 2161 Solutio
610 2107 768 2178 aquosa,
821 2087 1022 2160 reactionis
1075 2087 1214 2173 acidae,
1262 2085 1388 2159 colore
1435 2086 1607 2159 caenuleo

416 2213 615 2313 fluorescit

521 2341 664 2414 Solutio
685 2362 831 2432 aquosa
850 2329 977 2429 diluta,
999 2362 1099 2432 aqua
1117 2341 1235 2414 chlori
1258 2344 1295 2413 et
1314 2339 1400 2413 dein
1419 2339 1608 2412 arnmonia

413 2466 541 2542 addita
559 2468 724 2541 colorem
744 2468 901 2542 viridem
918 2467 1050 2556 induit,
1069 2467 1185 2561 baryo
1205 2467 1337 2541 uitrico
1357 2468 1481 2541 soluto
1500 2487 1606 2560 prae·

414 2596 605 2690 cipitatum
638 2597 776 2684 album,
809 2597 850 2669 in
869 2595 984 2669 acidis
1014 2596 1212 2668 insolubile
1248 2594 1413 2688 deponit;
1449 2599 1605 2687 argento

412 2724 544 2799 uitrico
562 2745 610 2796 ne
630 2726 809 2798 turbetur.

521 2850 721 2925 Chininum
754 2851 1024 2942 bisulfuuicum,
1051 2850 1157 2924 acido
1192 2850 1370 2923 sulhuu'co
1407 2848 1467 2922 vel
1500 2848 1606 2922 acido

411 2979 542 3054 uitrico
562 2983 804 3052 concentrato
823 2979 1082 3052 humectatum
1100 3000 1148 3052 ne
1169 2978 1364 3051 coloretur.

521 3105 720 3179 Chininum
740 3105 961 3180 suliuru‘cum
981 3127 1001 3179 e
1022 3106 1208 3178 solutione
1229 3102 1377 3184 Chinini
1401 3101 1607 3177 bisulfurici

412 3254 558 3325 aquosa
588 3238 718 3305 exacta
744 3233 1050 3305 neutralisatione
1079 3232 1362 3325 praecipitatum
1395 3231 1608 3322 exploretur

413 3359 539 3454 quoad
572 3364 721 3432 caetera
754 3360 935 3433 alcaloida
968 3359 1114 3433 corticis
1149 3360 1289 3432 Chinae
1314 3357 1449 3430 eodem
1480 3358 1606 3448 modo,

412 3488 476 3580 qui
494 3487 566 3560 sub
583 3486 752 3559 articulo:
778 3486 1002 3573 ,Chininum
1017 3488 1258 3561 surlfuricum“
1274 3485 1526 3580 praescriptus
1537 3490 1605 3560 est

520 3613 722 3687 Chiuinum
732 3614 992 3687 bisulhuicum
1003 3614 1228 3688 exsiccando
1239 3613 1604 3707 temperatura1000

408 3757 458 3832 tre
476 3741 563 3834 plus
590 3762 711 3832 ¹quam
743 3746 869 3834 partes
904 3742 955 3815 23
989 3741 1123 3835 perdat
1155 3747 1192 3814 et
1225 3742 1421 3814 comburat
1453 3738 1604 3832 residuo

410 3847 488 3940 tion
506 3867 645 3941 relicta.

518 3995 693 4068 Servetur
711 3996 750 4068 in
769 4017 859 4068 vase
880 4017 903 4069 a
921 3995 1004 4069 luce
1023 4001 1182 4069 remoto.

618 4280 891 4417 Chiuiuuu
921 4282 1402 4450 hydrochloricuu.

518 4502 688 4592 Crystalli
722 4504 926 4577 aciculares
961 4504 1080 4593 albae,
1115 4503 1246 4575 nitoris
1276 4502 1418 4593 sericei,
1458 4503 1604 4597 saporis

410 4630 538 4718 amari,
596 4630 634 4701 in
691 4653 812 4722 aquae
860 4631 1030 4722 partibus
1065 4630 1207 4716 circiter
1255 4631 1317 4718 34,
1365 4630 1511 4705 facilius
1565 4631 1604 4705 in
