3725 5400
718 474 927 546 ,99-

225 694 314 784 lata,
358 693 461 766 1-3
498 691 708 767 millimetra
743 689 904 765 maxime
947 712 996 766 ne
1028 691 1114 784 plus
1153 712 1267 785 quam
1307 690 1417 766 milli·

226 825 387 895 metrum
419 840 561 910 crassa,
592 819 632 894 in
667 820 784 893 latere
817 818 996 893 exteriore
1029 819 1276 893 communiter
1301 817 1418 897 varie·

227 947 315 1041 gata
347 969 368 1022 e
401 947 527 1041 griseo
567 947 627 1022 vel
668 967 688 1019 e
720 945 925 1040 nigricante
962 946 1081 1036 tusca,
1123 946 1260 1039 partim
1293 946 1418 1021 albida

228 1079 295 1149 aut
322 1075 538 1168 subglauca,
567 1073 759 1149 lenticellis
789 1072 1061 1148 orbicularibu's
1094 1078 1161 1147 aut
1201 1078 1416 1149 transverse

224 1202 408 1296 porrectis
443 1201 578 1275 coloris
611 1222 631 1275 e
664 1200 803 1275 llarido
838 1199 950 1274 albidi
982 1200 1165 1275 instructa
1203 1204 1269 1274 aut
1301 1199 1417 1276 dense

227 1327 765 1422 verruculoso-subsquamata
808 1333 874 1402 aut
914 1328 1160 1437 periclermate
1197 1328 1419 1407 reticulatim

226 1456 392 1530 lacerato
411 1455 568 1544 obtecta,
588 1454 628 1529 in
645 1455 760 1529 latere
783 1454 959 1528 interiore
979 1476 1000 1528 e
1019 1456 1132 1529 rubro
1151 1461 1218 1531 aut
1240 1478 1260 1530 e
1279 1455 1417 1530 ssavido

228 1581 345 1671 fusca,
392 1581 613 1676 plerumque
660 1581 776 1657 dense
818 1603 885 1676 per
930 1582 1201 1676 longitudinem
1245 1584 1418 1658 minutim

229 1709 371 1797 striata,
400 1708 439 1782 in
466 1709 630 1782 tractura
647 1709 892 1802 subaequalis
911 1714 977 1783 aut
995 1730 1124 1803 grosse
1143 1711 1351 1804 mantuam,
1380 1710 1419 1785 in

229 1835 396 1910 sectione
429 1842 646 1911 transversa
674 1836 810 1926 albida,
843 1837 993 1930 punctis
1022 1841 1060 1912 et
1090 1837 1248 1912 maculis
1283 1837 1418 1912 coloris

229 1983 274 2037 ex
293 1963 512 2038 aurantiaco
539 1962 636 2037 fusci
665 1969 806 2037 ornata
834 1963 970 2038 Odoris
1000 1968 1059 2039 est
1078 1963 1213 2038 Cortex
1239 1964 1420 2039 nauseosi

228 2071 458 2179 subcoriarii,
480 2090 627 2183 saporis
647 2090 914 2183 adstringentis
935 2091 1188 2165 amariusculi

339 2216 420 2310 Ope
439 2216 674 2311 microscopii
693 2216 911 2291 observabis
930 2217 970 2291 in
989 2222 1094 2310 parte
1114 2223 1280 2293 extrema
1303 2219 1417 2294 endo·

229 2344 367 2439 pbloei,
387 2345 426 2418 in
443 2344 573 2418 frustis
593 2345 742 2419 corticis
765 2344 1007 2419 validioribus
1027 2345 1195 2437 proxime
1215 2346 1287 2420 sub
1305 2346 1419 2440 rhyti-

143 2560 146 2568 .
230 2471 378 2546 domate
405 2472 522 2545 fibras
541 2470 624 2544 libri
643 2470 839 2563 primarias
863 2472 973 2547 valde
996 2473 1237 2563 incrassatas,
1259 2473 1420 2567 plerum·

231 2620 304 2691 que
322 2598 533 2673 lusiformes
552 2598 740 2673 solitarias
764 2604 802 2672 et
818 2598 858 2673 in
877 2599 1081 2674 fasciculos
1098 2601 1207 2675 laxos
1227 2600 1417 2690 disiectam

228 2727 381 2801 cellulas
417 2747 643 2801 numerosas
677 2727 1052 2820 solerenchymaticas
1086 2730 1354 2822 polymorphas
1383 2733 1421 2803 et

228 2854 521 2928 isodiametricas
551 2860 587 2928 et
605 2854 813 2947 elongatos,
832 2855 1054 2929 membrana
1072 2855 1181 2929 valde
1208 2856 1420 2931 incrassata

228 2981 268 3055 in
287 2981 384 3056 nidis
405 2988 442 3057 el
455 2981 620 3056 restibus
635 2981 965 3076 frequentissimis;
981 2983 1264 3076 parenchyrnae
1276 2983 1419 3057 cellulis

229 3111 453 3185 membrana
490 3110 898 3203 subcollenchymatica
925 3110 1130 3202 instructis,
1160 3112 1310 3204 repletis
1340 3132 1421 3204 gra·

228 3237 329 3310 nulls
349 3238 460 3331 amyli
479 3243 516 3312 et
534 3237 748 3311 substantia
774 3238 929 3310 tannica
956 3258 1125 3311 necnon
1143 3237 1423 3312 vasacribrosa

231 3363 417 3457 plasmate
450 3365 599 3453 oleoso;
633 3364 785 3438 cellulas
824 3364 1121 3458 copiosissimae,
1145 3363 1234 3438 hinc
1265 3364 1351 3438 inde
1383 3364 1423 3438 in

230 3512 355 3566 meso·
386 3496 423 3566 et
447 3491 684 3584 endophloeo
711 3491 752 3564 in
784 3491 883 3564 nidis
914 3493 1115 3581 consertas,
1144 3491 1314 3583 singulas
1344 3513 1423 3585 cry·

232 3618 386 3691 stallum
414 3618 602 3692 stellatam
630 3617 734 3691 calcii
764 3617 897 3691 oxelici
923 3617 1168 3692 includentes,
1198 3618 1424 3693 Contentum

233 3743 450 3819 cellularum
482 3745 674 3819 radiorum
705 3744 966 3819 medullarium
993 3744 1075 3818 uni·
1104 3749 1168 3819 aut
1194 3745 1425 3820 biserialium

233 3873 419 3947 solutione
447 3872 533 3946 kalii
567 3872 843 3965 hydrooxydati
877 3873 1042 3946 colorem
1074 3894 1095 3946 e
1129 3872 1245 3964 fusco,
1269 3872 1425 3946 rubrum

233 3998 364 4074 induit.

343 4126 464 4201 Sectlo
500 4132 718 4201 transversa
754 4126 910 4203 Corticis
948 4127 1133 4201 solutione
1171 4125 1257 4200 kalii
1292 4126 1427 4222 hydro·

234 4252 385 4346 oxydati
413 4254 577 4328 colorem
604 4253 753 4328 sordide
780 4254 942 4344 fuscum,
972 4254 1094 4347 liquor
1127 4258 1254 4329 autem
1285 4254 1428 4329 sensim

234 4380 401 4454 colorem
418 4379 514 4454 belle
532 4380 876 4454 rubro-violaceum
894 4380 1037 4473 accipit.

285 4519 287 4524 ’
347 4506 423 4579 100
442 4512 568 4599 partes
587 4507 742 4582 Corticis
762 4506 918 4581 Viburni
951 4506 1082 4600 spiritu
1111 4507 1188 4582 vini
1206 4508 1324 4582 diluto
1344 4528 1429 4601 per-

233 4635 327 4709 fecte
365 4633 569 4708 exhaustae
606 4655 655 4708 ne
692 4633 819 4707 minus
858 4655 973 4726 quam
1019 4640 1149 4726 partes
1192 4633 1241 4708 15
1276 4633 1429 4709 extracti

1176 4771 1209 4827 7*
