3725 5400
719 499 963 573 -309-

243 723 433 814 punctata,
465 718 606 792 cellulis
625 717 929 812 parencbymatis
952 715 1043 809 ligni
1061 715 1279 788 membrana
1307 735 1439 807 grosse

243 867 385 941 porosa
413 846 571 919 obtecta
609 844 756 938 Ubique
783 843 822 918 in
849 844 1004 938 pulvere
1035 841 1197 935 crystalli
1224 863 1343 935 supra
1371 863 1438 915 no-

245 973 407 1047 minatae
427 972 579 1066 elapsae
599 993 620 1046 e
639 972 782 1046 cellulis
800 971 941 1045 liberae
959 969 1207 1064 reperiuntur.

357 1100 433 1173 100
463 1105 590 1193 partes
618 1099 755 1174 mercis
784 1120 833 1172 ne
860 1098 947 1192 plus
977 1118 1093 1190 quam
1111 1100 1239 1190 partes
1260 1097 1283 1168 6
1306 1096 1440 1170 cineris

243 1227 467 1320 relinquant

600 1477 777 1612 Radix
816 1476 1084 1612 dnonidis.

358 1736 492 1810 Ononie
528 1737 672 1833 spinosa
708 1737 761 1826 L.,
801 1737 987 1810 suffiutex
1023 1736 1061 1809 in
1098 1734 1197 1808 arvis
1236 1738 1273 1807 et
1297 1733 1439 1829 campis

245 1863 389 1937 obvius.

351 1990 474 2065 Radix
487 1991 683 2086 multiceps
699 1989 985 2084 suboylindrica,
995 2011 1159 2079 ramosa,
1172 1988 1312 2063 siccata
1322 2009 1438 2081 quam

244 2117 448 2211 plurimum
467 2118 623 2191 10-15
639 2118 851 2191 millimetra
865 2139 1004 2208 crassa,
1017 2138 1095 2191 non
1105 2137 1192 2190 raro
1208 2137 1440 2211 compressa,

245 2248 400 2318 curvata
436 2249 474 2318 et
509 2249 618 2335 torta,
657 2266 771 2339 saepe
817 2266 885 2338 per
921 2243 1195 2337 longitudinem
1231 2244 1366 2317 rimata
1404 2248 1441 2316 et

244 2370 284 2444 in
302 2371 418 2445 fibras
448 2371 643 2462 dissoluta,
672 2372 832 2464 lignosa,
862 2370 1116 2461 tenacissima,
1146 2375 1255 2445 exitis
1275 2393 1295 2445 e
1316 2371 1439 2464 griseo

245 2498 365 2589 fusca,
385 2498 425 2572 in
443 2499 611 2573 sectione
638 2503 858 2573 transversa
877 2498 1058 2573 exhibens
1079 2498 1257 2572 corticem
1284 2502 1440 2573 tenuem

244 2625 396 2701 fiscum
416 2630 454 2701 et
469 2626 615 2720 lignum
643 2627 868 2717 subflavum,
889 2626 1003 2701 radiis
1032 2626 1302 2702 medullaribus
1330 2625 1437 2716 albia,

245 2755 372 2847 quoad
382 2754 616 2829 latitudinem
625 2756 787 2829 maxime
798 2755 1266 2847 differentibus‚eleganter
1274 2753 1438 2827 flabella·

244 2882 312 2957 tim
329 2887 511 2957 notatum.
531 2880 684 2976 Saporis
704 2887 764 2956 est
782 2881 991 2972 subacerbi,
1012 2881 1183 2959 subacris
1208 2902 1295 2955 oum
1314 2879 1441 2974 aliqua

245 3009 452 3085 dulcedine.
724 3007 730 3023 '

352 3136 395 3210 ln
412 3140 626 3210 mercatura
644 3135 805 3210 occurrit
823 3135 986 3210 concisa

357 3264 433 3337 100
452 3262 534 3337 eins
552 3266 678 3356 partes
697 3284 745 3337 ne
763 3264 850 3358 plus
870 3284 987 3357 quam
1006 3266 1133 3357 partes
1155 3262 1178 3336 5
1199 3260 1336 3337 cineris
1366 3260 1440 3335 albi

244 3389 469 3485 relinquant.

571 3641 747 3776 Radix
784 3640 1121 3778 Petroselini.

358 3896 491 3970 Corum
518 3898 792 3993 Petronium
804 3899 1019 3974 Bentham
1041 3904 1084 3973 el
1100 3896 1288 3987 Boeben,
1312 3898 1441 3991 planta

245 4045 383 4115 annua,
404 4025 444 4099 in
461 4024 582 4100 hortis
601 4026 907 4119 frequentissime
926 4027 1037 4100 culta

353 4151 476 4226 Radix
498 4153 703 4227 iusilormis
729 4153 826 4227 inter
850 4153 1030 4228 culinaria
1053 4151 1252 4227 notissima
1269 4151 1438 4245 simplex,

245 4280 332 4354 alba
351 4301 524 4366 carnosa,
544 4279 741 4373 superficie
772 4280 892 4354 obiter
918 4285 956 4354 et
983 4279 1235 4373 irregulariter
1262 4279 1442 4351 annulata

245 4406 345 4480 striis
377 4406 585 4480 latiusculis
631 4407 998 4497 fusco-amantiacis,
1031 4406 1176 4480 odoris
1208 4405 1443 4500 peculiariter

238 4532 449 4623 aromatici,
471 4532 617 4625 saporis
637 4532 758 4607 dulcis
779 4533 962 4607 subacris

353 4659 451 4734 Vere
471 4658 650 4735 fodienda
669 4665 706 4734 et
725 4660 865 4734 siccata
884 4658 1073 4733 servanda
1092 4664 1159 4732 est
