3725 5400
560 466 562 469 ’
713 459 949 532 -157-

233 676 631 768 crenato-subserrata,
658 676 841 769 pellucido
868 681 1058 769 punctata,
1083 676 1223 769 glabra,
1249 677 1426 765 coriacea,

233 809 397 876 saturate
415 803 556 892 viridia,
576 803 776 877 siccatione
796 803 944 896 pallida,
964 803 1093 897 rigida,
1117 803 1273 891 tenacia,
1300 804 1426 877 odoris

233 930 364 1004 debilis
412 935 514 1023 grate
558 929 759 1019 aromatici,
811 930 958 1023 saporis
1005 929 1428 1020 subamaro-aromatici,

233 1057 582 1149 subadstringentis.

342 1184 422 1278 Ope
441 1185 677 1278 microscopii
697 1185 961 1258 observantur:
996 1184 1150 1258 cellulae
1188 1183 1427 1278 epidermidis

232 1311 271 1383 in
290 1316 449 1404 utraque
467 1312 604 1406 pagina
623 1312 699 1385 folii
718 1332 857 1404 parvae
881 1313 1102 1404 polygonoe,
1122 1317 1286 1385 stomata
1304 1311 1429 1385 solum

232 1437 271 1510 in
290 1439 427 1531 pagina
444 1439 630 1529 interiore,
655 1440 804 1531 singula
832 1440 954 1512 cincta
981 1439 1172 1512 nonnullis
1202 1437 1344 1512 cellulis
1368 1459 1428 1510 ac-

234 1566 425 1653 cessoriis3
445 1566 722 1659 mesophyllum
742 1565 1011 1639 dorsirentrale
1031 1568 1148 1639 strato
1167 1565 1427 1659 pluriserialie

233 1693 374 1766 cellulis
393 1693 651 1785 paliformibus
666 1692 858 1784 elongatis,
879 1693 1048 1766 cavernis
1069 1694 1203 1786 amplis
1222 1693 1428 1786 sphaericis

234 1820 317 1893 oleo
347 1821 522 1893 aethereo
550 1821 701 1913 repletis
731 1840 800 1893 nec
829 1841 908 1892 non
927 1819 1110 1913 crystallis
1130 1819 1304 1893 solitariis
1325 1820 1428 1893 calcii
1564 1834 1566 1839 ’

234 1947 374 2036 oxalici,
394 1947 544 2019 sacculo
565 1968 585 2018 e
605 1946 818 2019 substantia
841 1946 1021 2020 cellulosa
1040 1946 1231 2034 immissis
1268 1968 1427 2038 quarum

234 2075 326 2147 aliae
363 2074 525 2146 maiores
564 2074 784 2167 praesertim
816 2074 855 2146 in
889 2073 1029 2146 cellulis
1063 2073 1427 2167 subepidermalibus

234 2201 488 2294 amplioribus
523 2201 615 2273 aliae
635 2200 801 2274 minores
819 2200 859 2273 in
876 2200 983 2274 fibris
1003 2200 1242 2293 leptodermis
1256 2200 1427 2274 loctdatis

232 2327 417 2401 fasciculis
436 2348 616 2399 vasorum
636 2326 819 2399 adiunctis
839 2327 1085 2420 reperiuntur.

347 2456 421 2527 100
441 2459 566 2547 partes
595 2454 729 2526 mercis
758 2474 806 2526 ne
825 2455 911 2546 plus
931 2475 1046 2546 quam
1070 2459 1195 2547 partes
1224 2456 1271 2526 15
1292 2455 1427 2527 cineris

233 2581 457 2674 relinquant

384 2779 626 2893 [lolia
667 2781 1278 2892 Helladomme.

337 2965 475 3060 Atropo
493 2962 720 3035 Bellodonuo
738 2962 790 3046 L,
820 2963 948 3056 planta
975 2962 1164 3056 perennis
1193 2944 1423 3056 in'Europae

228 3091 304 3164 sere
323 3092 437 3164 totius
457 3090 688 3178 nemoribus
709 3090 889 3182 imprimis
909 3090 1111 3178 montanis
1133 3110 1318 3164 crescens,

335 3218 440 3290 Folia
468 3222 587 3302 ovata,
618 3217 777 3309 elliptica
805 3222 870 3289 aut
898 3218 1201 3309 ovato-oblonga,
1224 3222 1344 3308 acuta,
1365 3217 1423 3289 vel

227 3346 449 3435 acuminata,
471 3346 509 3416 in
529 3343 708 3436 petiolum
729 3344 950 3433 desinentia,
968 3366 1092 3437 usque
1113 3345 1161 3418 ad
1178 3346 1200 3417 3
1222 3343 1425 3417 decimetra

165 3465 167 3470 ’
225 3471 349 3564 longa,
370 3469 617 3562 integerrima,
641 3470 778 3558 tenuia,
798 3474 899 3542 tactu
918 3469 1056 3556 mollia,
1078 3491 1240 3562 superne
1261 3471 1421 3544 obscure

165 3607 167 3616 ’
226 3601 284 3671 rel
304 3597 518 3672 esubsusco
537 3596 668 3669 viridia
692 3597 832 3688 glabra,
862 3599 999 3670 subtus
1026 3594 1233 3690 pallidiora,
1265 3599 1423 3690 glabrio·

226 3725 340 3813 scula,
350 3725 499 3813 siccata,
511 3724 609 3797 sicut
618 3724 877 3813 adhibeantur,
890 3725 930 3797 in
944 3730 1102 3817 utraque
1117 3725 1254 3817 pagina
1272 3730 1424 3818 propter

225 3852 378 3925 cellulas
420 3850 691 3943 crystalligeras
729 3851 953 3945 mesophylli
977 3851 1182 3924 tuberculis
1209 3852 1422 3944 perpusillis

226 3979 358 4052 albidis
379 3978 451 4051 sub
470 3977 569 4051 lente
593 3979 704 4070 plane
725 3978 998 4070 distinguendis
1028 3998 1245 4071 conspersa,
1275 3980 1422 4071 saporis

228 4104 466 4180 amariusculi
486 4103 665 4178 subacris.

334 4230 414 4325 Ope
428 4230 664 4325 microscopii
679 4232 941 4304 observantur:
956 4233 1110 4305 cellulae
1126 4230 1364 4324 epidermidis
1382 4231 1422 4303 in

226 4364 387 4451 utraque
406 4357 484 4431 solii
499 4358 636 4451 pagina
652 4358 1023 4432 undulatosinuatae
1045 4358 1206 4431 cuticula
1223 4357 1421 4430 undulato-

224 4487 370 4580 plicata,
398 4488 560 4557 stomata
602 4485 750 4576 singula
791 4486 1013 4578 plerumque
1047 4485 1168 4558 cincta
1221 4486 1243 4556 3
1278 4483 1420 4557 cellulis

224 4611 460 4698 accessoriis;
508 4611 572 4702 pili
623 4612 812 4704 simplices
853 4611 1146 4705 pluricellulares
1197 4610 1420 4703 leptodermi
