3725 5400
710 479 947 552 -195—

437 692 825 830 Gonnhesina
859 693 973 828 Asa
1002 693 1219 830 foetida.

694 884 785 963 Asa
804 881 968 964 foetida.

339 1023 489 1097 Ferulae
534 1025 696 1119 specieS,
757 1024 939 1117 imprimis
999 1023 1133 1098 Ferale
1196 1024 1425 1102 Scorodoamo

230 1153 447 1228 Bentham
490 1157 527 1226 et
562 1151 741 1225 Hooker
782 1156 819 1225 et
854 1149 989 1224 Ferrato
1025 1150 1185 1226 Nortiae
1219 1154 1425 1248 Boissier,

229 1282 398 1355 Persiam
417 1284 454 1353 et
471 1278 646 1372 regiones
665 1278 880 1352 adiacentes
898 1279 1012 1353 Asiae
1031 1279 1295 1356 inhabitantes.

344 1407 489 1481 Succus
519 1405 856 1500 gummiresinosus
881 1427 901 1480 e
921 1405 1045 1480 radice
1064 1408 1260 1482 vulnerata
1281 1416 1426 1485 resecto

234 1536 339 1610 caule
361 1535 521 1608 effluxus
541 1538 579 1607 et
597 1540 683 1607 atre
702 1533 911 1607 induratus,

339 1661 443 1735 Merx
462 1661 559 1735 sistit
577 1681 695 1753 grana
716 1660 837 1734 laevia
854 1681 934 1734 non
957 1682 1043 1735 raro
1062 1661 1191 1737 leviter
1209 1683 1428 1758 compressa

232 1792 358 1877 variae
378 1787 646 1880 magnitudinis
685 1787 847 1861 discreta
883 1792 949 1861 aut
975 1788 1072 1862 inter
1090 1810 1132 1863 se
1161 1789 1425 1883 conglutinata,

233 1918 468 1992 extrinsecus
489 1915 625 1989 coloris
644 1914 855 1988 flavo-fusci
873 1916 1009 2009 partim
1026 1916 1192 2007 violacei,
1211 1917 1251 1991 in
1265 1918 1428 1993 fractura

231 2045 418 2120 conchata
435 2044 557 2117 lactea
574 2042 736 2136 opalina,
766 2062 874 2115 cerae
902 2042 1021 2115 instar
1047 2043 1213 2135 nitentia,
1234 2066 1323 2119 mox
1340 2067 1427 2141 pur·

228 2171 480 2268 purascentia,
521 2170 675 2243 tandem
708 2169 969 2258 discescentia,
1007 2170 1104 2244 inter
1141 2171 1274 2264 digitos
1311 2173 1426 2247 lente·

229 2298 383 2389 scentia,
402 2298 443 2373 in
461 2297 678 2390 fragmentis
690 2297 867 2371 tenuibus
887 2297 1155 2391 subpellucida,
1172 2298 1300 2373 odoris
1314 2321 1426 2394 pene·

228 2426 362 2501 trantis
389 2425 541 2515 alliacei,
577 2423 826 2519 persistentia,
861 2423 1009 2518 saporis
1047 2424 1143 2498 acris
1180 2426 1428 2500 amaricantis.

229 2553 334 2628 Merx
351 2574 485 2628 recens
505 2574 584 2626 non
603 2572 689 2625 raro
703 2550 828 2625 medio
846 2555 969 2640 tenax,
984 2551 1136 2642 fracida,
1153 2552 1342 2645 glutinosa
1360 2558 1426 2628 est.

340 2680 434 2755 Pars
450 2682 466 2753 1
480 2679 581 2754 Asae
592 2678 752 2753 foetidae
763 2699 850 2753 cum
859 2679 1029 2773 partibus
1042 2680 1064 2752 3
1075 2701 1197 2774 aquae
1212 2680 1297 2755 tu‘ta
1311 2682 1426 2757 emul-

233 2810 380 2883 sionem
420 2807 584 2881 albidam
612 2806 778 2899 praebet,
808 2827 906 2899 quae
929 2807 1065 2880 additis
1094 2808 1207 2900 guttis
1235 2809 1426 2883 nonnullis

233 2935 446 3010 ammoniae
466 2936 631 3009 colorem
650 2934 789 3007 flavum
809 2932 920 3008 ducit

341 3064 561 3137 Frustulum
591 3060 889 3137 Gummiresinae
917 3062 1025 3136 acido
1060 3062 1238 3137 sulfuu‘co
1268 3084 1426 3138 concen-

232 3196 329 3265 trato
351 3190 596 3285 superfusum
614 3189 799 3281 liquorem
822 3189 959 3262 coloris
987 3189 1173 3283 profunde
1200 3190 1426 3265 hisco-rubri

233 3319 394 3408 exhibet,
417 3317 481 3411 qui
500 3338 602 3410 aqua
627 3316 667 3391 in
696 3320 904 3390 extremum
933 3316 1072 3390 dilutus
1102 3318 1226 3391 colore
1255 3319 1427 3394 caeruleo

231 3445 432 3520 fluorescit.

341 3572 421 3646 Asa
438 3570 579 3645 foetida
597 3570 704 3644 acido
723 3568 1012 3662 hydrochlorico
1031 3571 1247 3646 humectata
1259 3593 1308 3646 ne
1323 3572 1427 3646 effer-

231 3704 362 3774 vescat
379 3698 451 3773 nisi
470 3697 634 3772 minime.

346 3828 422 3900 100
447 3826 528 3900 eius
551 3830 679 3919 partes
703 3824 836 3919 spiritu
857 3825 934 3898 vini
959 3826 1157 3900 ebulliente
1179 3827 1342 3920 perfecte
1365 3847 1427 3900 ex·

233 3959 374 4029 tractae
393 3974 442 4028 ne
465 3954 552 4047 plus
572 3974 687 4047 quarn
711 3955 762 4027 50
785 3958 912 4049 partes
931 3954 1185 4028 remanentiae
1204 3954 1426 4046 relinquant

231 4080 374 4155 Eadem
390 4081 579 4174 quantitas
590 4080 790 4154 combusta
799 4101 847 4154 ne
860 4082 946 4176 plus
963 4102 1079 4179 quam
1093 4085 1219 4175 partes
1234 4082 1282 4155 10
1293 4081 1427 4155 cineris

233 4208 415 4282 exhibeat

340 4334 467 4409 Pulvis
477 4334 578 4408 Asae
592 4334 754 4408 foetidae
767 4336 958 4410 lutescens
973 4336 1107 4410 eodem
1121 4335 1236 4412 modo
1249 4341 1293 4411 ut
1305 4336 1426 4431 pulvis

232 4462 468 4537 Ammoniaci
486 4469 642 4556 paratus
663 4469 700 4538 et
718 4464 766 4537 ab
789 4463 967 4537 immixtis
996 4463 1203 4557 quisquiliis
1227 4485 1299 4558 ope
1319 4463 1428 4538 cribri

233 4591 372 4665 setacei
401 4590 450 4663 ad
477 4590 551 4664 boc
580 4590 754 4665 destinati
773 4596 956 4685 purgatus
981 4596 1149 4665 servetur
1167 4590 1206 4664 in
1223 4592 1308 4665 loco
1327 4590 1427 4665 sicco

234 4722 271 4790 et
289 4718 381 4791 satis
400 4716 543 4810 f1igido.
1160 4820 1210 4876 ¹3.
