3725 5400
707 484 945 560 -uot-

230 729 330 802 aqua
361 707 510 779 fervide
524 704 719 792 solubilem
757 702 951 775 flammam
980 702 1105 774 colore
1133 701 1232 773 flavo
1266 700 1424 791 tingunt.

230 834 373 908 Solutio
403 854 561 931 aquosa,
585 836 741 924 argento
761 828 894 903 uitrico
915 830 1042 902 soluto
1073 827 1219 902 adiecto
1247 828 1427 922 praecipi·

229 966 349 1035 tatum
381 961 528 1033 ssavum
555 960 641 1049 edit,
677 957 780 1053 quod
810 957 1035 1030 calefactum
1061 976 1142 1029 uon
1177 955 1358 1029 fuscescit
1390 961 1426 1028 et

232 1088 339 1162 acid'o
358 1088 496 1162 uitrico
510 1087 655 1160 adiecto
677 1085 820 1178 absque
841 1083 1125 1158 effervescentia
1144 1083 1310 1156 solvitur.

339 1214 481 1288 Solutlo
515 1232 667 1307 aquosa*
690 1212 886 1305 (1--am
923 1210 1040 1285 acido»
1069 1211 1200 1285 nitrien
1239 1211 1425 1285 acidulata

232 1362 332 1436 aqua
367 1342 678 1436 hydrosulttrrata
718 1362 766 1413 ue
810 1344 987 1429 mutetur,
1034 1339 1152 1432 baryo
1189 1339 1321 1412 uitrico
1365 1344 1429 1412 aut

231 1475 386 1564 argento
406 1469 538 1543 nitrien
568 1468 617 1540 ad
636 1488 830 1541 summum
860 1468 1062 1561 opalescat,
1085 1467 1281 1540 ammonia·
1299 1486 1429 1561 super·

231 1602 399 1672 saturata
425 1619 496 1671 nec
525 1596 717 1669 ammonio
742 1596 938 1685 sulfurato,
969 1614 1039 1668 nec
1065 1595 1256 1667 ammonio
1282 1596 1426 1669 oxalico

229 1727 314 1820 plus
335 1744 450 1818 quum
467 1723 624 1816 vestigia
642 1723 796 1796 minima
814 1722 1045 1816 praecipitati
1064 1720 1160 1795 edat.

338 1852 504 1925 Miscella
532 1873 552 1924 e
581 1855 789 1943 grammate
816 1849 931 1923 Natrii
963 1849 1207 1944 phosphorici
1235 1849 1369 1924 siccati*
1392 1856 1429 1924 et

231 1978 415 2074 pulverati
428 1983 465 2050 et
480 1976 705 2050 centimetris
721 1976 861 2050 cubicis
879 1977 901 2050 5
918 1976 1116 2051 solutionis
1132 1975 1258 2049 stanni
1273 1976 1430 2050 chlorati

231 2107 328 2180 intra
345 2107 481 2179 horam
500 2104 672 2177 colorem:
684 2106 840 2177 trucum
853 2126 908 2177 ne
922 2104 1087 2199 accipiat

521 2354 762 2490 Natriurr
790 2354 1137 2527 salicylicuur.

340 2613 465 2687 Pulvis
486 2612 722 2705 crystallinus
748 2613 855 2685 albus
874 2614 1069 2704 fnodorus,
1100 2615 1248 2710 saporis
1277 2636 1298 2690 e
1327 2615 1426 2689 dulci

233 2742 334 2832 salsi,
355 2741 527 2814 facillime
546 2742 584 2814 in
605 2763 715 2834 aqua,
737 2741 845 2814 facile
865 2743 903 2814 in
922 2742 1057 2835 spiritu
1075 2743 1152 2816 vini
1170 2739 1350 2817 solubilis.

338 2868 382 2943 Iu
402 2869 525 2941 catino
546 2870 782 2962 porcellaneo
803 2870 1026 2942 fervefactus
1041 2891 1202 2963 vapores
1222 2870 1429 2964 phenolum

231 2996 445 3069 redolentes
466 2996 611 3083 emittit;
652 2996 765 3069 carbo
798 2995 988 3069 residuus·
1008 2997 1125 3070 acidis
1155 2998 1366 3071 effervescit
1393 3001 1430 3070 et

231 3123 423 3196 flammam
454 3121 552 3196 flavo
587 3124 711 3197 colore
744 3122 860 3216 tingit
893 3123 1037 3197 Solutio
1072 3145 1219 3216 aquosa
1246 3126 1284 3217 (t
1299 3156 1347 3189 =
1363 3127 1427 3214 10)

230 3251 358 3324 addito
388 3251 494 3324 acido
514 3251 801 3343 hydrochlorico
822 3250 1074 3326 sedimentum
1104 3249 1231 3325 allium
1251 3253 1429 3344 crystalli·

230 3400 324 3452 num
359 3378 399 3451 in
438 3379 590 3452 aethere
627 3379 735 3452 facile
774 3378 931 3452 solubile
966 3379 1132 3468 demittit
1167 3381 1301 3453 eadem
1332 3381 1429 3454 ferro

233 3504 532 3598 sesquichlorato
553 3507 677 3579 soluto
712 3507 876 3578 colorem
910 3528 929 3579 e
963 3507 1078 3579 rubro
1110 3508 1270 3595 fuscum,
1307 3507 1341 3580 si
1373 3513 1431 3580 est

232 3633 340 3706 valde
361 3631 478 3706 diluta
495 3634 530 3724 (1
548 3659 596 3697 =
614 3634 732 3725 1000)
752 3633 960 3706 violaceum
979 3633 1110 3707 induit.

341 3759 484 3833 Solutio
523 3780 671 3853 aquosa
707 3761 741 3852 (1
761 3787 809 3824 =
823 3759 861 3851 5)
898 3760 1099 3834 reactionis
1142 3757 1345 3833 subaeidae
1384 3761 1431 3834 sit

234 3887 397 3976 decolor,
445 3891 566 3960 tractu
613 3887 792 3981 temporis
831 3887 1027 3961 dumtaxat
1062 3888 1236 3961 mitescit
1289 3887 1429 3962 Solutio
1578 3929 1580 3936 ·

234 4035 380 4107 aquosa
412 4013 447 4105 (1
464 4015 592 4105 :aut
624 4036 695 4087 uec
728 4035 828 4107 aqua
860 4015 1184 4107 hydrosulfurata·
1209 4035 1281 4088 nec
1312 4015 1430 4108 baryo

233 4140 365 4213 uitrico
385 4145 558 4229 mutetur,
577 4162 658 4231 nec,
679 4141 804 4214 addito
825 4142 934 4215 acido
949 4142 1081 4215 uitrico
1098 4142 1225 4232 dilut0,
1248 4143 1430 4236 crystallis

234 4268 331 4340 acidi
350 4267 525 4360 salicylici
543 4290 611 4360 per
628 4269 867 4342 liltratlouem
892 4269 1087 4363 separatis,
1115 4275 1269 4362 argento
1298 4269 1430 4343 uitrico

234 4396 415 4468 turbetur.

342 4521 512 4594 Natrium
558 4521 800 4614 salioylicum
848 4543 934 4596 curn
973 4523 1079 4597 acido
1119 4524 1298 4598 sulfurico
1342 4544 1429 4597 cou-

236 4653 402 4722 centrato
422 4648 579 4722 mixtum
597 4671 646 4724 ne
668 4651 897 4744 effervescat,
915 4673 1042 4745 neque
1061 4654 1255 4726 coloretur.

290 4804 482 4861 Pharmacopoeu.
1180 4794 1212 4846 17
