3725 5400
915 483 1157 556 -258-

637 700 686 831 N
687 699 880 833 cuiun
909 698 1168 833 silicicun
1188 696 1432 832 solutum.

546 939 687 1031 Liquor
704 937 882 1032 limpidus
902 934 1056 1013 decolor
1072 938 1131 1012 vel
1151 938 1448 1026 subflavescens,
1479 936 1633 1010 reactio·

438 1067 496 1140 nis
535 1066 725 1155 alcalinae,
763 1064 941 1159 ponderis
979 1065 1144 1158 specifici
1185 1067 1287 1154 1·40;
1339 1064 1474 1139 additis
1516 1064 1632 1139 acidis

438 1194 641 1287 gelatinam
661 1193 833 1267 efformet
852 1198 889 1265 et
907 1194 1099 1265 flammam
1118 1194 1242 1266 colore
1261 1193 1359 1266 ssavo
1378 1192 1504 1266 inficit.

547 1320 642 1395 Cum
662 1325 795 1414 qiiarta
813 1323 918 1413 parte
937 1318 1116 1413 ponderis
1145 1319 1205 1393 sui
1229 1319 1381 1413 spiritus
1399 1318 1476 1392 vini
1493 1319 1632 1393 mixtus

436 1448 721 1542 praecipitatum
741 1447 917 1539 deponat
938 1447 1058 1520 Huius
1074 1447 1243 1520 defectus
1257 1447 1510 1540 praesentiam
1524 1445 1633 1519 natrii

436 1575 714 1670 hydrooxydati
730 1575 836 1667 liberi
859 1574 1007 1647 indicat
1041 1574 1243 1666 corrigitur
1265 1575 1338 1647 tale
1367 1578 1632 1667 praeparatum

437 1702 635 1795 coquendo
677 1702 861 1794 liquorem
899 1724 986 1775 cum
1023 1701 1130 1775 acido
1168 1699 1430 1794 hydrosilicico
1464 1705 1633 1774 recenter

437 1835 579 1921 parato.

739 2081 980 2216 Natriun
1010 2080 1336 2216 solinncun.

529 2288 716 2413 ¹Crystalli
754 2320 948 2395 decolores
992 2321 1218 2412 fatiscentes,
1260 2325 1513 2414 temperatura
1552 2319 1626 2392 330

283 2518 287 2525 .
435 2448 475 2521 in
501 2447 609 2521 tertia
635 2447 814 2538 ponderis
837 2453 943 2540 parte
964 2470 1085 2540 aquae
1105 2448 1297 2535 solubiles,
1328 2449 1367 2521 in
1395 2446 1527 2540 spiritu
1555 2446 1631 2518 vini

434 2575 665 2648 insolubiles.
704 2573 847 2648 Solutio
886 2597 1041 2667 aquosa,
1074 2575 1273 2648 reactionis
1301 2575 1483 2663 neutrius
1513 2575 1629 2666 baryo

434 2702 565 2777 nitrico
584 2703 869 2796 praecipitatum
889 2704 1028 2791 album,
1054 2703 1090 2775 in
1112 2703 1226 2776 acidis
1246 2703 1445 2776 insolubile
1464 2702 1628 2795 praebet,

433 2831 625 2903 flammam
645 2833 770 2904 colore
790 2833 886 2904 llavo
906 2830 1032 2903 inficit.

544 2957 686 3032 Solutio
706 2980 853 3050 aquosa
882 2959 1062 3050 (1:20)
1085 2979 1155 3031 nee
1184 2979 1284 3049 aqua
1312 2957 1629 3050 hydrosulsurata,

436 3106 506 3158 nec
549 3086 740 3158 ammonio
783 3087 979 3174 sulfurato,
1023 3107 1093 3159 nec
1126 3085 1316 3159 ammonio
1354 3084 1509 3173 oxalico,
1559 3105 1628 3158 nec

433 3211 625 3285 ammonia
643 3216 680 3284 et
697 3212 818 3286 natrio
837 3212 1094 3306 phosphorico
1114 3216 1291 3300 mutetur,
1321 3216 1476 3304 argento
1495 3210 1626 3284 nitrico

432 3339 694 3412 tantummodo
715 3340 914 3433 opalescal

539 3465 705 3540 Miscella
738 3488 758 3539 e
791 3473 998 3559 grammate
1031 3466 1142 3540 natrii
1178 3466 1347 3540 sulfurici
1384 3465 1559 3540 exsiccati
1592 3470 1629 3538 et

431 3592 614 3686 pulverali
652 3615 739 3666 curn
776 3594 1002 3668 centimetris
1037 3593 1177 3668 cubicis
1213 3596 1235 3666 3
1270 3593 1468 3666 solutionis
1502 3592 1628 3665 stanni

432 3719 590 3793 chlorali
609 3720 706 3793 intra
723 3722 857 3794 horam
877 3722 1043 3794 colorem
1062 3722 1211 3794 fuscum
1230 3742 1278 3794 ne
1297 3720 1440 3795 induat.

610 4008 851 4142 Natriun
879 4008 1188 4143 sulluncun
1218 4009 1433 4143 siccin.

536 4263 705 4338 Natrium
734 4266 956 4338 sulfuricum
985 4265 1272 4359 crystallisatum
1302 4286 1433 4357 grosse
1452 4266 1625 4359 pulvera·

429 4396 510 4464 tum
534 4391 612 4465 aeri
635 4391 735 4465 sicco
763 4392 803 4465 in
821 4394 905 4466 loco
925 4394 1051 4487 tepido
1072 4393 1284 4488 expositum
1312 4394 1410 4466 ultra
1430 4392 1625 4466 dimidium

428 4517 606 4612 ponderis
635 4519 756 4612 perdit
784 4525 821 4593 et
847 4520 886 4592 in
913 4522 1106 4613 pulverem
1135 4522 1263 4595 album
1292 4520 1530 4611 convertitur,
1561 4520 1625 4614 qui

429 4666 496 4738 per
506 4645 668 4718 cribrum
683 4645 859 4720 traiectus
871 4647 942 4720 sub
953 4647 1105 4721 nomine
1121 4652 1380 4741 supranotato
1395 4651 1546 4740 praesto
1563 4648 1622 4720 sit.
