3725 5400
745 488 953 561 ..73-

709 700 1002 836 Oetaceun.

365 918 523 994 Catodon
550 919 833 1018 macrocephulus
859 922 1090 1016 Lacepede
1119 927 1156 997 et
1184 922 1278 997 aliae
1302 923 1448 1016 species

253 1069 434 1139 generum
458 1047 615 1122 Celadon
643 1053 680 1124 et
698 1046 876 1145 Physcter,
903 1049 1049 1124 incolae
1067 1050 1289 1144 praesertim
1309 1048 1449 1124 Oceani

253 1174 408 1269 pacifici.

361 1303 454 1376 Pars
501 1302 623 1376 subde
670 1303 856 1395 depurata
901 1303 1136 1378 substantiae
1191 1302 1448 1396 semiliquidae

254 1428 404 1523 pinguis
432 1428 492 1502 sui
520 1431 679 1520 generis,
710 1452 787 1523 qua
816 1451 999 1504 caremae
1029 1429 1283 1522 amplissimae
1316 1429 1448 1525 capitis

253 1577 422 1630 necnon
441 1557 576 1630 ductus
596 1558 819 1631 subcutanei
839 1558 1011 1631 dorsales
1030 1557 1193 1650 repletae
1214 1561 1313 1631 sunt

361 1683 531 1758 Occurrit
567 1685 606 1757 in
643 1685 782 1758 massis
825 1683 1261 1777 lamelloso·crystallinis
1313 1683 1448 1757 coloris

254 1810 445 1901 albissimi,
465 1811 632 1885 conchae
659 1811 846 1886 unionum
872 1811 993 1885 instar
1020 1811 1235 1901 nitentibus
1259 1811 1449 1904 subpellu·

254 1938 358 2030 ciclis,
387 1942 492 2012 tactu
518 1938 680 2030 lubricis,
708 1939 927 2029 friabilibuS,
957 1937 1137 2031 pondeu's
1166 1938 1330 2031 specifici
1358 1938 1448 2010 0·93

252 2086 375 2158 usque
391 2065 492 2155 0·95,
504 2065 629 2139 calore
645 2065 858 2139 450-500
876 2065 1181 2159 liquescentibus,
1191 2063 1268 2139 fere
1281 2063 1449 2138 inodoris

255 2198 291 2267 et
308 2191 490 2284 insipidis
518 2192 557 2264 in
586 2192 748 2281 aethere,
778 2192 1036 2283 chlorofomio,
1056 2193 1245 2266 carboneo
1265 2191 1449 2265 sulfurato

253 2341 420 2395 necnon
438 2318 478 2391 in
497 2318 629 2413 spiritu
647 2319 723 2392 vini
744 2320 944 2394 ebulliente
964 2319 1198 2393 solubilibus.

362 2447 391 2520 Ε
412 2446 600 2520 solutione
620 2447 829 2521 alcoholica
847 2447 991 2521 fervida
1008 2449 1042 2540 (1
1057 2446 1180 2538 :50)
1195 2444 1450 2538 refrigerando

255 2573 456 2648 Cetaceum
484 2575 625 2647 sensim
654 2575 871 2667 sensimque
900 2574 1097 2666 crystallus
1127 2573 1294 2667 deponit;
1328 2572 1452 2664 liquor

253 2677 389 2796 elapsis
404 2702 555 2775 minime
570 2702 674 2775 horis
695 2705 718 2776 6
745 2702 968 2776 decantatus
992 2723 1116 2795 neque
1137 2700 1306 2775 chartam
1324 2699 1449 2793 explo-

252 2829 430 2903 ratoriam
447 2835 567 2903 mutet
586 2851 656 2903 nec
677 2829 804 2903 addita
822 2829 971 2921 aequali
991 2829 1198 2922 quantitate
1214 2848 1334 2920 aquae
1354 2826 1450 2900 sedi·

255 2961 423 3030 mentum
441 2958 651 3031 floccosum
670 2957 851 3030 demittat.

362 3085 562 3186 Cataceum
581 3087 733 3174 tlavum,
754 3086 950 3158 rancidum
969 3084 1165 3158 reiiciatur.

639 3335 834 3470 Charta
860 3336 1076 3470 nitrata.

265 3539 465 3634 szlialli
484 3543 602 3613 uitrici
1168 3543 1308 3634 purtem
1415 3536 1448 3607 1.

331 3667 440 3740 Solve
460 3667 499 3740 in

367 3781 481 3885 Aquae
1146 3787 1313 3886 partibus
1413 3787 1448 3860 5.

327 3922 520 3995 Solutione
580 3922 718 3994 filtrata
777 3921 998 4013 impraegna
1057 3919 1227 3991 chartam
1281 3915 1449 3989 bibulam

260 4048 396 4139 albam,
417 4070 531 4141 quam
550 4048 678 4121 sicces

589 4281 785 4415 Charta
815 4280 1123 4450 snapisata.

364 4503 502 4576 Charta
529 4502 658 4576 bibula
686 4501 909 4595 plerumque
938 4500 1059 4573 scissa
1085 4500 1125 4573 in
1144 4502 1341 4592 segmenta
1363 4516 1452 4587 qua-

260 4628 497 4721 drangularia
506 4628 749 4720 longitudinis
764 4627 811 4699 lu
824 4633 862 4700 et
874 4626 1080 4700 latitudinis
1097 4627 1120 4698 8
1137 4625 1452 4709 centimetrorum,
