3725 5400
713 483 957 557 -269—

235 699 598 773 foliemmllienthae
617 699 796 793 piperitae
814 700 1013 793 peculiaris
1034 700 1138 792 grati,
1160 701 1307 795 saporis
1325 702 1434 776 vaide
1565 752 1567 757 .

237 825 429 900 aromatici
470 827 591 920 primo
641 827 784 900 urentis
826 832 910 900 tum
944 828 1207 920 refrigerantis,
1256 828 1435 922 ponderis

238 954 407 1048 specilici¹
429 954 737 1043 breona-ovalo,
775 955 816 1027 in
847 954 1016 1047 partibus
1040 955 1146 1028 4-5
1177 955 1329 1049 spiritus
1361 956 1437 1029 vini

238 1081 346 1155 diluu'
360 1081 512 1174 limpide
532 1081 701 1155 solubile.

347 1209 512 1282 Miscella
531 1230 551 1281 e
571 1208 684 1301 guttis
706 1208 729 1282 5
749 1208 830 1283 Olei
848 1208 1022 1283 Maniliae
1041 1208 1223 1303 piperitae
1256 1213 1293 1284 et
1321 1209 1435 1284 eonfi-

239 1341 359 1409 metro
380 1336 512 1409 cubico
532 1336 628 1409 acidi
655 1336 784 1410 aoetici
803 1336 1044 1425 concentrati,
1077 1337 1217 1431 elapsis
1245 1337 1437 1411 nonnullis

239 1461 343 1537 horis
373 1465 539 1537 colorem
567 1465 782 1537 caemleum
809 1464 940 1553 induit,
975 1464 1095 1554 citius,
1135 1466 1169 1538 si
1196 1465 1387 1539 miscellae
1417 1487 1438 1538 e

241 1590 468 1665 centimetris
488 1590 628 1664 cubicis
645 1591 667 1663 i
684 1590 765 1664 Olei
779 1590 954 1665 Menthae
973 1591 1153 1684 piperitae
1165 1596 1203 1665 et
1217 1591 1437 1665 centimetro

240 1718 372 1792 cubico
419 1718 515 1791 acidi
561 1716 690 1792 arctici
736 1718 967 1793 concontrati
1002 1724 1153 1812 guttam⁴
1184 1719 1281 1792 acidi
1318 1717 1439 1792 nitrici

240 1845 439 1920 addideris

388 2062 576 2197 tlloun
606 2061 920 2232 llyristioae
970 2101 1308 2233 expressum.

351 2283 536 2381 Myrlrtica
555 2282 728 2379 fraprans
746 2283 843 2356 vide:
862 2283 1001 2357 Arillus
1020 2283 1241 2376 Myristicae.

352 2410 570 2483 Substantia
587 2411 735 2504 pinguis
770 2411 1205 2503 crystallino-granulosa
1230 2411 1437 2485 consisten-
1589 2520 1596 2528 μ

242 2538 314 2612 tiae
335 2538 427 2628 sebi,
448 2538 575 2610 mixtio
594 2537 876 2632 pinguedinum,
903 2539 976 2612 olei
996 2538 1161 2612 aetherei
1190 2544 1228 2612 et
1246 2538 1437 2632 pigmenti,

239 2664 279 2739 in
298 2665 404 2741 India
422 2665 598 2740 orientali.
608 2670 740 2760 parata
758 2687 781 2740 e
798 2666 1006 2742 seminibus
1041 2665 1293 2761 expressione
1305 2665 1436 2755 calida,

241 2794 352 2869 nobis
386 2793 544 2866 advecta
579 2794 619 2866 in
651 2794 789 2868 massis
830 2795 954 2868 forma
990 2795 1149 2868 laterum
1189 2800 1438 2887 angustorum

241 2923 376 2996 coloris
395 2920 586 3012 variegati:
608 2922 812 2994 amantiaci
827 2927 892 2995 aut
906 2921 1235 2995 rubicundo-fusci
1256 2926 1293 2994 et
1312 2920 1436 3010 albidi,

241 3049 368 3122 odoris
385 3047 479 3141 grati
493 3048 646 3122 seminis
661 3047 882 3141 Myristicae,
904 3048 1052 3142 saporis
1067 3048 1219 3143 pinguis
1240 3053 1277 3122 et
1292 3070 1438 3121 aroma·

241 3176 315 3264 tici,
335 3175 514 3269 ponderis
534 3176 698 3270 specifici
716 3176 1022 3249 0·945-0·996.

352 3302 483 3377 Calore
517 3303 663 3377 circiter
689 3304 766 3376 450
789 3303 976 3401 liquorem
1009 3301 1280 3396 sublimpidum
1312 3303 1438 3376 fusco-

240 3432 398 3503 rubrum
417 3430 581 3524 praebet.
601 3429 644 3503 In
663 3431 826 3520 aethere,
857 3431 990 3524 spiritu
1008 3430 1084 3503 vini
1104 3436 1142 3503 et
1170 3429 1438 3504 chloroformio

240 3559 406 3631 feriente
427 3558 604 3647 solvatur,
640 3558 879 3631 solummodo
911 3558 1107 3631 residuum
1141 3557 1438 3652 perexiguume

240 3685 469 3780 parcissimis
490 3685 654 3778 granulis
675 3685 796 3778 amyli,
815 3686 956 3758 cellulis
978 3685 1148 3758 discretis
1165 3690 1230 3758 aut
1248 3686 1438 3779 particulis

240 3813 335 3886 telae
357 3811 512 3885 seminis
533 3810 741 3903 Myristicae
760 3812 991 3909 relinquens,

351 3938 537 4011 Numerus
581 3939 898 4031 saponiiicationis
942 3940 990 4012 sit
1032 3939 1175 4013 circiter
1215 3940 1439 4030 ila-191,

242 4087 424 4139 numerus
444 4065 520 4139 iodi
541 4066 710 4139 35-48.

633 4280 815 4415 olem
847 4280 1048 4415 ollae

357 4517 449 4594 Olea
476 4518 667 4615 Europaeo
694 4520 746 4610 L,
779 4521 891 4594 arbor
909 4521 948 4594 in
980 4521 1133 4613 regione
1166 4522 1440 4595 mediterranea

244 4652 456 4740 spontanea
475 4652 512 4719 et
532 4649 640 4720 culta
