3725 5400
898 466 1140 539 -332-

419 682 600 778 praebeat
617 682 763 776 saporis
783 704 862 756 non
881 684 1010 773 amani,
1041 683 1143 776 quod
1162 683 1258 757 katio
1279 683 1468 758 chromieo
1489 682 1615 758 addito

419 831 469 883 ne
487 810 613 883 turbet
660 866 668 883 .

532 936 836 1028 Deeigrammata
856 938 878 1010 0
900 937 1096 1011 Santonini
1123 936 1239 1030 ignita
1264 937 1458 1012 residuum
1476 936 1617 1031 ponde·

420 1064 535 1138 rabile
555 1083 604 1138 ne
622 1065 846 1157 relinquant.

818 1441 957 1614 Sapo
985 1443 1217 1577 tatinus,

421 1700 496 1794 Rp:
531 1703 602 1774 (tlei
629 1705 704 1775 Lini
1360 1707 1484 1797 partos
1565 1704 1619 1776 40

530 1830 622 1901 Kalti
640 1830 890 1921 nytnexynti
908 1830 1012 1901 soluti
1358 1835 1483 1924 partes
1567 1829 1618 1903 04

530 1961 643 2047 Aquae
1359 1961 1482 2051 partes
1567 1958 1617 2031 30

532 2085 677 2175 Spiritus
694 2085 772 2155 Vini
1358 2090 1483 2179 parus
1580 2087 1616 2159 6.

494 2209 672 2283 Fervesac
702 2208 878 2301 agitando
905 2209 946 2282 in
973 2208 1109 2282 balneo
1139 2230 1260 2302 aquae
1289 2230 1411 2304 usque
1450 2209 1499 2284 ad
1535 2232 1617 2305 per·

421 2336 557 2411 sectam
577 2337 936 2430 saponifieationem.

531 2463 585 2537 Sit
603 2486 733 2538 massa
749 2464 976 2557 unguinosa,
990 2463 1145 2552 lubrica,
1166 2463 1457 2558 semipellucida,
1480 2465 1627 2540 eoloris,

422 2610 443 2664 e
463 2590 599 2664 tlavido
612 2591 719 2681 fusci,
743 2590 871 2664 odoris
890 2589 1025 2682 ingrati
1043 2589 1254 2683 saponacei,
1272 2590 1312 2663 in
1331 2611 1431 2683 aqua
1448 2612 1519 2665 nec
1538 2612 1617 2665 non

420 2718 461 2792 in
480 2719 612 2813 spiritu
630 2719 706 2793 vini
725 2718 906 2793 solubilis.

532 2846 749 2921 Grammata
776 2848 824 2918 10
851 2846 1012 2940 Saponis
1045 2845 1158 2919 katini
1183 2847 1309 2920 soluta
1331 2846 1371 2919 in
1390 2845 1616 2920 centimetris

422 2974 563 3049 cubicis
604 2976 654 3048 30
683 2974 836 3069 spiritus
864 2974 950 3064 vini,
989 2973 1124 3047 additis
1155 2974 1268 3066 guttis
1297 2973 1488 3048 nonnullis
1517 2975 1617 3048 solu·

421 3100 533 3175 tionis
566 3101 887 3196 phenolphtaleini
921 3122 969 3175 ne
1003 3106 1230 3174 consumant
1252 3103 1338 3196 plus
1372 3122 1487 3194 quam
1506 3101 1618 3175 uenti·

421 3234 543 3303 metra
579 3229 712 3303 cubica
747 3229 796 3302 10
830 3227 927 3302 auidi
958 3227 1236 3321 hydrochlorici
1269 3227 1543 3317 decinormaiis‚
1576 3234 1619 3302 ut

423 3355 586 3430 evadant
605 3361 750 3430 neutra.

767 3714 905 3887 Sapo
933 3714 1281 3849 medicinalis,

422 3990 497 4085 Rp:
530 3993 638 4064 Natrfl
655 3993 906 4084 hyunoxyuati
924 3994 1027 4065 soluti
1347 3994 1474 4085 parus
1532 3991 1620 4064 130.

498 4117 671 4192 Fervefac
691 4117 865 4191 addendo
886 4117 1029 4191 sensim
1049 4116 1266 4210 sensimque

530 4248 707 4335 Axunglae
726 4248 821 4318 Perat
839 4244 1003 4337 liquatae
1353 4248 1473 4339 partes
1532 4243 1620 4316 100.

496 4371 645 4445 Calefac
674 4371 880 4445 miscellam
909 4371 981 4445 sub
1012 4371 1190 4445 continua
1213 4370 1413 4463 agitatione
1432 4391 1555 4464 usque
1574 4370 1623 4444 ud

423 4498 791 4593 saponificetionem;
812 4504 892 4572 tum
912 4498 1010 4572 adde

533 4628 678 4717 Spiritus
697 4628 775 4698 vnn
1333 4646 1338 4656 ·
1361 4630 1486 4720 partas
1573 4624 1621 4697 10
