<?xml version="1.0" encoding="UTF-8"?>
<!DOCTYPE html PUBLIC "-//W3C//DTD XHTML 1.0 Transitional//EN"
    "http://www.w3.org/TR/xhtml1/DTD/xhtml1-transitional.dtd">
<html xmlns="http://www.w3.org/1999/xhtml" xml:lang="en" lang="en">
 <head>
  <title>
</title>
<meta http-equiv="Content-Type" content="text/html;charset=utf-8" />
  <meta name='ocr-system' content='tesseract 3.04.00' />
  <meta name='ocr-capabilities' content='ocr_page ocr_carea ocr_par ocr_line ocrx_word'/>
</head>
<body>
  <div class='ocr_page' id='page_1' title='image "./pharmacopoeaaus00innegoog_0262.png"; bbox 0 0 3725 5400; ppageno 0'>
   <div class='ocr_carea' id='block_1_1' title="bbox 907 401 1144 475">
    <p class='ocr_par' dir='ltr' id='par_1_1' title="bbox 907 401 1144 475">
     <span class='ocr_line' id='line_1_1' title="bbox 907 401 1144 475; baseline 0.004 -1"><span class='ocrx_word' id='word_1_1' title='bbox 907 401 1144 475; x_wconf 63' lang='lat' dir='ltr'>-lb8-</span> 
     </span>
    </p>
   </div>
   <div class='ocr_carea' id='block_1_2' title="bbox 425 620 1625 2621">
    <p class='ocr_par' dir='ltr' id='par_1_2' title="bbox 426 620 1623 1330">
     <span class='ocr_line' id='line_1_2' title="bbox 535 620 1621 713; baseline -0.001 -19"><span class='ocrx_word' id='word_1_2' title='bbox 535 620 677 695; x_wconf 84' lang='lat' dir='ltr'>Salutio</span> <span class='ocrx_word' id='word_1_3' title='bbox 715 641 861 713; x_wconf 90' lang='lat' dir='ltr'>aquosa</span> <span class='ocrx_word' id='word_1_4' title='bbox 888 620 1053 713; x_wconf 79' lang='lat' dir='ltr'>(1=a0)</span> <span class='ocrx_word' id='word_1_5' title='bbox 1082 641 1152 693; x_wconf 92' lang='lat' dir='ltr'>nec</span> <span class='ocrx_word' id='word_1_6' title='bbox 1181 640 1281 712; x_wconf 88' lang='lat' dir='ltr'>aqua</span> <span class='ocrx_word' id='word_1_7' title='bbox 1304 620 1621 713; x_wconf 79' lang='lat' dir='ltr'>hydrosulfurata,</span> 
     </span>
     <span class='ocr_line' id='line_1_3' title="bbox 426 746 1621 839; baseline -0.001 -17"><span class='ocrx_word' id='word_1_8' title='bbox 426 770 495 822; x_wconf 92' lang='lat' dir='ltr'>nec</span> <span class='ocrx_word' id='word_1_9' title='bbox 534 748 724 822; x_wconf 89' lang='lat' dir='ltr'>ammonio</span> <span class='ocrx_word' id='word_1_10' title='bbox 763 749 958 836; x_wconf 85' lang='lat' dir='ltr'>sulfurato,</span> <span class='ocrx_word' id='word_1_11' title='bbox 1015 768 1085 820; x_wconf 91' lang='lat' dir='ltr'>nec</span> <span class='ocrx_word' id='word_1_12' title='bbox 1122 746 1239 839; x_wconf 75' lang='lat' dir='ltr'>baryo</span> <span class='ocrx_word' id='word_1_13' title='bbox 1282 747 1414 821; x_wconf 87' lang='lat' dir='ltr'>uitrico</span> <span class='ocrx_word' id='word_1_14' title='bbox 1443 753 1621 835; x_wconf 89' lang='lat' dir='ltr'>mutetur;</span> 
     </span>
     <span class='ocr_line' id='line_1_4' title="bbox 426 874 1623 969; baseline -0.001 -21"><span class='ocrx_word' id='word_1_15' title='bbox 426 874 560 948; x_wconf 88' lang='lat' dir='ltr'>eadem</span> <span class='ocrx_word' id='word_1_16' title='bbox 592 875 755 969; x_wconf 88' lang='lat' dir='ltr'>pauxillo</span> <span class='ocrx_word' id='word_1_17' title='bbox 783 875 870 949; x_wconf 83' lang='lat' dir='ltr'>feni</span> <span class='ocrx_word' id='word_1_18' title='bbox 899 874 1067 949; x_wconf 81' lang='lat' dir='ltr'>sulfurici</span> <span class='ocrx_word' id='word_1_19' title='bbox 1095 881 1133 948; x_wconf 82' lang='lat' dir='ltr'>et</span> <span class='ocrx_word' id='word_1_20' title='bbox 1163 874 1450 968; x_wconf 76' lang='lat' dir='ltr'>sesquichlorati</span> <span class='ocrx_word' id='word_1_21' title='bbox 1479 874 1623 948; x_wconf 89' lang='lat' dir='ltr'>adiecto</span> 
     </span>
     <span class='ocr_line' id='line_1_5' title="bbox 427 1001 1623 1095; baseline 0 -20"><span class='ocrx_word' id='word_1_22' title='bbox 427 1007 464 1076; x_wconf 82' lang='lat' dir='ltr'>et</span> <span class='ocrx_word' id='word_1_23' title='bbox 491 1023 578 1076; x_wconf 91' lang='lat' dir='ltr'>cum</span> <span class='ocrx_word' id='word_1_24' title='bbox 610 1002 707 1076; x_wconf 86' lang='lat' dir='ltr'>kalio</span> <span class='ocrx_word' id='word_1_25' title='bbox 740 1001 1026 1095; x_wconf 80' lang='lat' dir='ltr'>hydrooxydato</span> <span class='ocrx_word' id='word_1_26' title='bbox 1060 1002 1185 1075; x_wconf 87' lang='lat' dir='ltr'>soluto</span> <span class='ocrx_word' id='word_1_27' title='bbox 1214 1002 1339 1091; x_wconf 85' lang='lat' dir='ltr'>mixta,</span> <span class='ocrx_word' id='word_1_28' title='bbox 1372 1001 1458 1075; x_wconf 90' lang='lat' dir='ltr'>dein</span> <span class='ocrx_word' id='word_1_29' title='bbox 1490 1003 1623 1075; x_wconf 89' lang='lat' dir='ltr'>leniter</span> 
     </span>
     <span class='ocr_line' id='line_1_6' title="bbox 427 1128 1623 1222; baseline 0.001 -21"><span class='ocrx_word' id='word_1_30' title='bbox 427 1129 607 1202; x_wconf 86' lang='lat' dir='ltr'>calefacta</span> <span class='ocrx_word' id='word_1_31' title='bbox 635 1128 796 1221; x_wconf 87' lang='lat' dir='ltr'>denique</span> <span class='ocrx_word' id='word_1_32' title='bbox 822 1129 929 1202; x_wconf 90' lang='lat' dir='ltr'>acido</span> <span class='ocrx_word' id='word_1_33' title='bbox 954 1128 1242 1222; x_wconf 87' lang='lat' dir='ltr'>hydrocblorico</span> <span class='ocrx_word' id='word_1_34' title='bbox 1266 1133 1435 1203; x_wconf 86' lang='lat' dir='ltr'>saturata</span> <span class='ocrx_word' id='word_1_35' title='bbox 1458 1131 1623 1203; x_wconf 89' lang='lat' dir='ltr'>colorem</span> 
     </span>
     <span class='ocr_line' id='line_1_7' title="bbox 427 1253 912 1330; baseline 0 -2"><span class='ocrx_word' id='word_1_36' title='bbox 427 1256 708 1330; x_wconf 85' lang='lat' dir='ltr'>caeruleumne</span> <span class='ocrx_word' id='word_1_37' title='bbox 729 1253 912 1328; x_wconf 83' lang='lat' dir='ltr'>exiribeat.</span> 
     </span>
    </p>

    <p class='ocr_par' dir='ltr' id='par_1_3' title="bbox 425 1381 1625 2621">
     <span class='ocr_line' id='line_1_8' title="bbox 536 1381 1622 1481; baseline 0 -24"><span class='ocrx_word' id='word_1_38' title='bbox 536 1381 678 1458; x_wconf 85' lang='lat' dir='ltr'>Solutio</span> <span class='ocrx_word' id='word_1_39' title='bbox 699 1404 845 1477; x_wconf 88' lang='lat' dir='ltr'>aquosa</span> <span class='ocrx_word' id='word_1_40' title='bbox 859 1381 1023 1481; x_wconf 53' lang='grc' dir='ltr'>(ΗΟ)</span> <span class='ocrx_word' id='word_1_41' title='bbox 1039 1389 1210 1459; x_wconf 80' lang='lat' dir='ltr'>recenter</span> <span class='ocrx_word' id='word_1_42' title='bbox 1223 1391 1354 1478; x_wconf 89' lang='lat' dir='ltr'>parata</span> <span class='ocrx_word' id='word_1_43' title='bbox 1368 1384 1494 1458; x_wconf 90' lang='lat' dir='ltr'>addito</span> <span class='ocrx_word' id='word_1_44' title='bbox 1515 1382 1622 1457; x_wconf 91' lang='lat' dir='ltr'>acido</span> 
     </span>
     <span class='ocr_line' id='line_1_9' title="bbox 427 1510 1623 1585; baseline 0 -1"><span class='ocrx_word' id='word_1_45' title='bbox 427 1511 606 1584; x_wconf 84' lang='lat' dir='ltr'>sulfurico</span> <span class='ocrx_word' id='word_1_46' title='bbox 628 1511 744 1584; x_wconf 91' lang='lat' dir='ltr'>diluto</span> <span class='ocrx_word' id='word_1_47' title='bbox 768 1532 829 1583; x_wconf 77' lang='lat' dir='ltr'>ne</span> <span class='ocrx_word' id='word_1_48' title='bbox 842 1510 968 1584; x_wconf 83' lang='lat' dir='ltr'>statim</span> <span class='ocrx_word' id='word_1_49' title='bbox 993 1512 1180 1585; x_wconf 80' lang='lat' dir='ltr'>flavescat</span> <span class='ocrx_word' id='word_1_50' title='bbox 1201 1511 1379 1585; x_wconf 88' lang='lat' dir='ltr'>Gramma</span> <span class='ocrx_word' id='word_1_51' title='bbox 1397 1511 1491 1584; x_wconf 89' lang='lat' dir='ltr'>Kalii</span> <span class='ocrx_word' id='word_1_52' title='bbox 1508 1511 1623 1584; x_wconf 86' lang='lat' dir='ltr'>iodati</span> 
     </span>
     <span class='ocr_line' id='line_1_10' title="bbox 428 1637 1623 1733; baseline 0 -21"><span class='ocrx_word' id='word_1_53' title='bbox 428 1660 514 1713; x_wconf 93' lang='lat' dir='ltr'>cum</span> <span class='ocrx_word' id='word_1_54' title='bbox 532 1639 697 1732; x_wconf 89' lang='lat' dir='ltr'>pulveris</span> <span class='ocrx_word' id='word_1_55' title='bbox 712 1637 806 1712; x_wconf 90' lang='lat' dir='ltr'>zinci</span> <span class='ocrx_word' id='word_1_56' title='bbox 821 1644 858 1712; x_wconf 83' lang='lat' dir='ltr'>el</span> <span class='ocrx_word' id='word_1_57' title='bbox 871 1640 1035 1733; x_wconf 81' lang='lat' dir='ltr'>pulveris</span> <span class='ocrx_word' id='word_1_58' title='bbox 1055 1640 1143 1713; x_wconf 89' lang='lat' dir='ltr'>ferri</span> <span class='ocrx_word' id='word_1_59' title='bbox 1162 1661 1236 1713; x_wconf 92' lang='lat' dir='ltr'>ana</span> <span class='ocrx_word' id='word_1_60' title='bbox 1250 1646 1455 1731; x_wconf 79' lang='lat' dir='ltr'>grammate</span> <span class='ocrx_word' id='word_1_61' title='bbox 1472 1639 1623 1712; x_wconf 90' lang='lat' dir='ltr'>dimidio</span> 
     </span>
     <span class='ocr_line' id='line_1_11' title="bbox 427 1765 1624 1860; baseline -0.001 -20"><span class='ocrx_word' id='word_1_62' title='bbox 427 1774 464 1840; x_wconf 88' lang='lat' dir='ltr'>et</span> <span class='ocrx_word' id='word_1_63' title='bbox 510 1765 736 1840; x_wconf 86' lang='lat' dir='ltr'>centimetris</span> <span class='ocrx_word' id='word_1_64' title='bbox 785 1766 925 1840; x_wconf 79' lang='lat' dir='ltr'>cubicis</span> <span class='ocrx_word' id='word_1_65' title='bbox 975 1769 998 1840; x_wconf 88' lang='lat'>5</span> <span class='ocrx_word' id='word_1_66' title='bbox 1051 1766 1161 1840; x_wconf 84' lang='lat' dir='ltr'>natrii</span> <span class='ocrx_word' id='word_1_67' title='bbox 1205 1766 1479 1860; x_wconf 85' lang='lat' dir='ltr'>hydrooxydati</span> <span class='ocrx_word' id='word_1_68' title='bbox 1512 1766 1624 1839; x_wconf 87' lang='lat' dir='ltr'>soluti</span> 
     </span>
     <span class='ocr_line' id='line_1_12' title="bbox 427 1893 1625 1986; baseline -0.001 -19"><span class='ocrx_word' id='word_1_69' title='bbox 427 1894 648 1967; x_wconf 81' lang='lat' dir='ltr'>calefactum</span> <span class='ocrx_word' id='word_1_70' title='bbox 668 1894 898 1966; x_wconf 85' lang='lat' dir='ltr'>ammoniam</span> <span class='ocrx_word' id='word_1_71' title='bbox 921 1915 970 1967; x_wconf 91' lang='lat' dir='ltr'>ne</span> <span class='ocrx_word' id='word_1_72' title='bbox 990 1894 1148 1967; x_wconf 76' lang='lat' dir='ltr'>exhalet</span> <span class='ocrx_word' id='word_1_73' title='bbox 1168 1893 1468 1986; x_wconf 83' lang='lat' dir='ltr'>Decigrammata</span> <span class='ocrx_word' id='word_1_74' title='bbox 1488 1894 1510 1966; x_wconf 72' lang='lat' dir='ltr'>d</span> <span class='ocrx_word' id='word_1_75' title='bbox 1532 1893 1625 1966; x_wconf 88' lang='lat' dir='ltr'>Kalii</span> 
     </span>
     <span class='ocr_line' id='line_1_13' title="bbox 426 2019 1623 2096; baseline 0.001 -3"><span class='ocrx_word' id='word_1_76' title='bbox 426 2020 541 2094; x_wconf 87' lang='lat' dir='ltr'>iodati</span> <span class='ocrx_word' id='word_1_77' title='bbox 568 2019 608 2093; x_wconf 91' lang='lat' dir='ltr'>in</span> <span class='ocrx_word' id='word_1_78' title='bbox 637 2020 863 2094; x_wconf 82' lang='lat' dir='ltr'>centimetn‘s</span> <span class='ocrx_word' id='word_1_79' title='bbox 894 2021 1035 2095; x_wconf 87' lang='lat' dir='ltr'>cubicis</span> <span class='ocrx_word' id='word_1_80' title='bbox 1056 2023 1078 2093; x_wconf 70' lang='lat' dir='ltr'>l</span> <span class='ocrx_word' id='word_1_81' title='bbox 1100 2021 1312 2095; x_wconf 89' lang='lat' dir='ltr'>ammoniae</span> <span class='ocrx_word' id='word_1_82' title='bbox 1341 2023 1466 2096; x_wconf 90' lang='lat' dir='ltr'>soluta</span> <span class='ocrx_word' id='word_1_83' title='bbox 1488 2020 1623 2095; x_wconf 84' lang='lat' dir='ltr'>additis</span> 
     </span>
     <span class='ocr_line' id='line_1_14' title="bbox 427 2144 1621 2241; baseline -0.001 -21"><span class='ocrx_word' id='word_1_84' title='bbox 427 2144 653 2220; x_wconf 85' lang='lat' dir='ltr'>centimetris</span> <span class='ocrx_word' id='word_1_85' title='bbox 688 2146 828 2220; x_wconf 88' lang='lat' dir='ltr'>cubicis</span> <span class='ocrx_word' id='word_1_86' title='bbox 866 2148 914 2220; x_wconf 87' lang='grc'>13</span> <span class='ocrx_word' id='word_1_87' title='bbox 955 2149 1153 2222; x_wconf 77' lang='lat' dir='ltr'>solutionis</span> <span class='ocrx_word' id='word_1_88' title='bbox 1192 2148 1334 2241; x_wconf 84' lang='lat' dir='ltr'>argenti</span> <span class='ocrx_word' id='word_1_89' title='bbox 1366 2148 1486 2222; x_wconf 78' lang='lat' dir='ltr'>uitrici</span> <span class='ocrx_word' id='word_1_90' title='bbox 1524 2146 1621 2221; x_wconf 89' lang='lat' dir='ltr'>deci·</span> 
     </span>
     <span class='ocr_line' id='line_1_15' title="bbox 426 2274 1622 2369; baseline 0.001 -23"><span class='ocrx_word' id='word_1_91' title='bbox 426 2274 606 2347; x_wconf 88' lang='lat' dir='ltr'>normalis</span> <span class='ocrx_word' id='word_1_92' title='bbox 625 2274 804 2348; x_wconf 81' lang='lat' dir='ltr'>libratum</span> <span class='ocrx_word' id='word_1_93' title='bbox 832 2274 1048 2369; x_wconf 89' lang='lat' dir='ltr'>praebeant,</span> <span class='ocrx_word' id='word_1_94' title='bbox 1080 2276 1182 2369; x_wconf 88' lang='lat' dir='ltr'>quod</span> <span class='ocrx_word' id='word_1_95' title='bbox 1212 2276 1319 2349; x_wconf 92' lang='lat' dir='ltr'>acido</span> <span class='ocrx_word' id='word_1_96' title='bbox 1343 2275 1474 2349; x_wconf 83' lang='lat' dir='ltr'>nitiico</span> <span class='ocrx_word' id='word_1_97' title='bbox 1495 2274 1622 2348; x_wconf 86' lang='lat' dir='ltr'>acidu-</span> 
     </span>
     <span class='ocr_line' id='line_1_16' title="bbox 425 2400 1622 2493; baseline 0.003 -21"><span class='ocrx_word' id='word_1_98' title='bbox 425 2400 543 2473; x_wconf 90' lang='lat' dir='ltr'>latum</span> <span class='ocrx_word' id='word_1_99' title='bbox 562 2401 658 2474; x_wconf 90' lang='lat' dir='ltr'>inter</span> <span class='ocrx_word' id='word_1_100' title='bbox 683 2402 729 2474; x_wconf 90' lang='grc'>10</span> <span class='ocrx_word' id='word_1_101' title='bbox 749 2402 894 2475; x_wconf 91' lang='lat' dir='ltr'>minuta</span> <span class='ocrx_word' id='word_1_102' title='bbox 912 2402 1104 2475; x_wconf 82' lang='lat' dir='ltr'>turbidum</span> <span class='ocrx_word' id='word_1_103' title='bbox 1123 2403 1275 2477; x_wconf 91' lang='lat' dir='ltr'>nonnisi</span> <span class='ocrx_word' id='word_1_104' title='bbox 1295 2402 1440 2493; x_wconf 83' lang='lat' dir='ltr'>evadat,</span> <span class='ocrx_word' id='word_1_105' title='bbox 1466 2424 1514 2476; x_wconf 89' lang='lat' dir='ltr'>ne</span> <span class='ocrx_word' id='word_1_106' title='bbox 1533 2423 1622 2475; x_wconf 83' lang='lat' dir='ltr'>vero</span> 
     </span>
     <span class='ocr_line' id='line_1_17' title="bbox 426 2527 1267 2621; baseline 0.004 -22"><span class='ocrx_word' id='word_1_107' title='bbox 426 2527 709 2620; x_wconf 85' lang='lat' dir='ltr'>praecipitatum</span> <span class='ocrx_word' id='word_1_108' title='bbox 729 2528 905 2620; x_wconf 90' lang='lat' dir='ltr'>deponat,</span> <span class='ocrx_word' id='word_1_109' title='bbox 926 2550 1050 2621; x_wconf 88' lang='lat' dir='ltr'>neque</span> <span class='ocrx_word' id='word_1_110' title='bbox 1070 2529 1267 2620; x_wconf 79' lang='lat' dir='ltr'>nigrescat.</span> 
     </span>
    </p>
   </div>
   <div class='ocr_carea' id='block_1_3' title="bbox 641 2796 1406 2933">
    <p class='ocr_par' dir='ltr' id='par_1_4' title="bbox 641 2796 1406 2933">
     <span class='ocr_line' id='line_1_18' title="bbox 641 2796 1406 2933; baseline 0.001 -2"><span class='ocrx_word' id='word_1_111' title='bbox 641 2797 853 2931; x_wconf 89' lang='lat' dir='ltr'>Kaliun</span> <span class='ocrx_word' id='word_1_112' title='bbox 871 2797 920 2930; x_wconf 94' lang='lat' dir='ltr'>N</span> <span class='ocrx_word' id='word_1_113' title='bbox 921 2796 1406 2933; x_wconf 85' lang='lat' dir='ltr'>atrio-tartaricum.</span> 
     </span>
    </p>
   </div>
   <div class='ocr_carea' id='block_1_4' title="bbox 422 3031 1624 4662">
    <p class='ocr_par' dir='ltr' id='par_1_5' title="bbox 424 3031 1624 4149">
     <span class='ocr_line' id='line_1_19' title="bbox 535 3031 1623 3133; baseline 0.003 -24"><span class='ocrx_word' id='word_1_114' title='bbox 535 3031 710 3129; x_wconf 83' lang='lat' dir='ltr'>Crystalli</span> <span class='ocrx_word' id='word_1_115' title='bbox 728 3036 965 3129; x_wconf 82' lang='lat' dir='ltr'>prismaticae</span> <span class='ocrx_word' id='word_1_116' title='bbox 987 3036 1194 3128; x_wconf 85' lang='lat' dir='ltr'>decolores,</span> <span class='ocrx_word' id='word_1_117' title='bbox 1231 3039 1450 3132; x_wconf 83' lang='lat' dir='ltr'>pellucidae,</span> <span class='ocrx_word' id='word_1_118' title='bbox 1477 3038 1623 3133; x_wconf 81' lang='lat' dir='ltr'>saporis</span> 
     </span>
     <span class='ocr_line' id='line_1_20' title="bbox 425 3164 1624 3259; baseline 0 -21"><span class='ocrx_word' id='word_1_119' title='bbox 425 3165 556 3238; x_wconf 89' lang='lat' dir='ltr'>leniter</span> <span class='ocrx_word' id='word_1_120' title='bbox 589 3164 708 3254; x_wconf 91' lang='lat' dir='ltr'>salini,</span> <span class='ocrx_word' id='word_1_121' title='bbox 743 3165 782 3237; x_wconf 91' lang='lat' dir='ltr'>in</span> <span class='ocrx_word' id='word_1_122' title='bbox 814 3165 984 3258; x_wconf 83' lang='lat' dir='ltr'>partibus</span> <span class='ocrx_word' id='word_1_123' title='bbox 1008 3166 1071 3237; x_wconf 68' lang='lat' dir='ltr'>la</span> <span class='ocrx_word' id='word_1_124' title='bbox 1101 3187 1222 3259; x_wconf 86' lang='lat' dir='ltr'>aquae</span> <span class='ocrx_word' id='word_1_125' title='bbox 1251 3166 1405 3258; x_wconf 83' lang='lat' dir='ltr'>frigidae</span> <span class='ocrx_word' id='word_1_126' title='bbox 1435 3166 1624 3240; x_wconf 80' lang='lat' dir='ltr'>solubiles</span> 
     </span>
     <span class='ocr_line' id='line_1_21' title="bbox 425 3292 1621 3385; baseline 0 -19"><span class='ocrx_word' id='word_1_127' title='bbox 425 3293 633 3366; x_wconf 86' lang='lat' dir='ltr'>Calefactae</span> <span class='ocrx_word' id='word_1_128' title='bbox 680 3292 903 3383; x_wconf 81' lang='lat' dir='ltr'>liquescunt,</span> <span class='ocrx_word' id='word_1_129' title='bbox 954 3313 1092 3385; x_wconf 88' lang='lat' dir='ltr'>aquam</span> <span class='ocrx_word' id='word_1_130' title='bbox 1139 3294 1391 3385; x_wconf 84' lang='lat' dir='ltr'>crystallinam</span> <span class='ocrx_word' id='word_1_131' title='bbox 1439 3294 1621 3384; x_wconf 82' lang='lat' dir='ltr'>emittunt,</span> 
     </span>
     <span class='ocr_line' id='line_1_22' title="bbox 424 3419 1624 3514; baseline 0 -21"><span class='ocrx_word' id='word_1_132' title='bbox 424 3421 548 3493; x_wconf 89' lang='lat' dir='ltr'>calore</span> <span class='ocrx_word' id='word_1_133' title='bbox 569 3423 678 3492; x_wconf 90' lang='lat' dir='ltr'>aucto</span> <span class='ocrx_word' id='word_1_134' title='bbox 694 3419 851 3492; x_wconf 89' lang='lat' dir='ltr'>odorem</span> <span class='ocrx_word' id='word_1_135' title='bbox 866 3421 1038 3493; x_wconf 91' lang='lat' dir='ltr'>sacchari</span> <span class='ocrx_word' id='word_1_136' title='bbox 1051 3421 1140 3493; x_wconf 82' lang='lat' dir='ltr'>tosti</span> <span class='ocrx_word' id='word_1_137' title='bbox 1154 3425 1338 3514; x_wconf 82' lang='lat' dir='ltr'>spargunt</span> <span class='ocrx_word' id='word_1_138' title='bbox 1352 3426 1389 3493; x_wconf 89' lang='lat' dir='ltr'>et</span> <span class='ocrx_word' id='word_1_139' title='bbox 1402 3421 1441 3492; x_wconf 86' lang='lat' dir='ltr'>iu</span> <span class='ocrx_word' id='word_1_140' title='bbox 1455 3442 1624 3493; x_wconf 82' lang='lat' dir='ltr'>massam</span> 
     </span>
     <span class='ocr_line' id='line_1_23' title="bbox 426 3547 1623 3639; baseline 0.001 -19"><span class='ocrx_word' id='word_1_141' title='bbox 426 3552 546 3620; x_wconf 84' lang='lat' dir='ltr'>atram</span> <span class='ocrx_word' id='word_1_142' title='bbox 575 3550 865 3636; x_wconf 74' lang='lat' dir='ltr'>convertuntur,</span> <span class='ocrx_word' id='word_1_143' title='bbox 884 3568 981 3639; x_wconf 90' lang='lat' dir='ltr'>quae</span> <span class='ocrx_word' id='word_1_144' title='bbox 1016 3569 1116 3639; x_wconf 90' lang='lat' dir='ltr'>aqua</span> <span class='ocrx_word' id='word_1_145' title='bbox 1148 3547 1365 3621; x_wconf 89' lang='lat' dir='ltr'>humectata</span> <span class='ocrx_word' id='word_1_146' title='bbox 1396 3548 1623 3621; x_wconf 82' lang='lat' dir='ltr'>reactionem</span> 
     </span>
     <span class='ocr_line' id='line_1_24' title="bbox 426 3657 1622 3790; baseline 0.002 -44"><span class='ocrx_word' id='word_1_147' title='bbox 426 3673 621 3747; x_wconf 85' lang='lat' dir='ltr'>alcalinam</span> <span class='ocrx_word' id='word_1_148' title='bbox 641 3673 796 3765; x_wconf 87' lang='lat' dir='ltr'>praebet</span> <span class='ocrx_word' id='word_1_149' title='bbox 814 3677 851 3746; x_wconf 87' lang='lat' dir='ltr'>et</span> <span class='ocrx_word' id='word_1_150' title='bbox 869 3675 1062 3748; x_wconf 88' lang='lat' dir='ltr'>flammam</span> <span class='ocrx_word' id='word_1_151' title='bbox 1077 3657 1175 3748; x_wconf 88' lang='lat' dir='ltr'>flavo</span> <span class='ocrx_word' id='word_1_152' title='bbox 1197 3676 1321 3747; x_wconf 93' lang='lat' dir='ltr'>colore</span> <span class='ocrx_word' id='word_1_153' title='bbox 1335 3674 1458 3790; x_wconf 65' lang='lat' dir='ltr'>tingit.</span> <span class='ocrx_word' id='word_1_154' title='bbox 1480 3674 1622 3749; x_wconf 86' lang='lat' dir='ltr'>Solutio</span> 
     </span>
     <span class='ocr_line' id='line_1_25' title="bbox 424 3801 1622 3891; baseline 0.003 -19"><span class='ocrx_word' id='word_1_155' title='bbox 424 3821 581 3891; x_wconf 90' lang='lat' dir='ltr'>aquosa,</span> <span class='ocrx_word' id='word_1_156' title='bbox 611 3801 809 3874; x_wconf 83' lang='lat' dir='ltr'>reactionis</span> <span class='ocrx_word' id='word_1_157' title='bbox 839 3803 1020 3889; x_wconf 86' lang='lat' dir='ltr'>neutn‘us,</span> <span class='ocrx_word' id='word_1_158' title='bbox 1046 3801 1173 3875; x_wconf 91' lang='lat' dir='ltr'>addito</span> <span class='ocrx_word' id='word_1_159' title='bbox 1203 3802 1311 3875; x_wconf 91' lang='lat' dir='ltr'>acido</span> <span class='ocrx_word' id='word_1_160' title='bbox 1341 3802 1480 3875; x_wconf 83' lang='lat' dir='ltr'>acetico</span> <span class='ocrx_word' id='word_1_161' title='bbox 1506 3801 1622 3876; x_wconf 82' lang='lat' dir='ltr'>diluto</span> 
     </span>
     <span class='ocr_line' id='line_1_26' title="bbox 425 3926 1622 4022; baseline 0.003 -23"><span class='ocrx_word' id='word_1_162' title='bbox 425 3926 676 4001; x_wconf 86' lang='lat' dir='ltr'>sedimentum</span> <span class='ocrx_word' id='word_1_163' title='bbox 692 3927 849 4001; x_wconf 84' lang='lat' dir='ltr'>demittit</span> <span class='ocrx_word' id='word_1_164' title='bbox 864 3929 991 4003; x_wconf 90' lang='lat' dir='ltr'>album</span> <span class='ocrx_word' id='word_1_165' title='bbox 1012 3928 1279 4022; x_wconf 84' lang='lat' dir='ltr'>crystallinum,</span> <span class='ocrx_word' id='word_1_166' title='bbox 1301 3929 1339 4002; x_wconf 93' lang='lat' dir='ltr'>in</span> <span class='ocrx_word' id='word_1_167' title='bbox 1359 3928 1466 4001; x_wconf 85' lang='lat' dir='ltr'>acido</span> <span class='ocrx_word' id='word_1_168' title='bbox 1485 3929 1622 4021; x_wconf 87' lang='lat' dir='ltr'>hydro·</span> 
     </span>
     <span class='ocr_line' id='line_1_27' title="bbox 424 4054 1623 4149; baseline 0.002 -22"><span class='ocrx_word' id='word_1_169' title='bbox 424 4054 587 4127; x_wconf 91' lang='lat' dir='ltr'>chlorico</span> <span class='ocrx_word' id='word_1_170' title='bbox 612 4077 682 4128; x_wconf 90' lang='lat' dir='ltr'>nec</span> <span class='ocrx_word' id='word_1_171' title='bbox 706 4057 843 4128; x_wconf 91' lang='lat' dir='ltr'>nonin</span> <span class='ocrx_word' id='word_1_172' title='bbox 861 4057 983 4129; x_wconf 84' lang='lat' dir='ltr'>natrio</span> <span class='ocrx_word' id='word_1_173' title='bbox 1003 4056 1290 4149; x_wconf 81' lang='lat' dir='ltr'>hydrooxydato</span> <span class='ocrx_word' id='word_1_174' title='bbox 1310 4056 1435 4128; x_wconf 90' lang='lat' dir='ltr'>soluto</span> <span class='ocrx_word' id='word_1_175' title='bbox 1455 4056 1623 4131; x_wconf 87' lang='lat' dir='ltr'>solubile.</span> 
     </span>
    </p>

    <p class='ocr_par' dir='ltr' id='par_1_6' title="bbox 422 4181 1621 4662">
     <span class='ocr_line' id='line_1_28' title="bbox 533 4181 1620 4276; baseline 0.005 -24"><span class='ocrx_word' id='word_1_176' title='bbox 533 4181 675 4255; x_wconf 85' lang='lat' dir='ltr'>Solutio</span> <span class='ocrx_word' id='word_1_177' title='bbox 706 4204 852 4275; x_wconf 87' lang='lat' dir='ltr'>aquosa</span> <span class='ocrx_word' id='word_1_178' title='bbox 870 4183 1033 4274; x_wconf 63' lang='lat'><strong>(1:20)</strong></span> <span class='ocrx_word' id='word_1_179' title='bbox 1068 4206 1138 4257; x_wconf 89' lang='lat' dir='ltr'>nec</span> <span class='ocrx_word' id='word_1_180' title='bbox 1172 4204 1272 4276; x_wconf 89' lang='lat' dir='ltr'>aqua</span> <span class='ocrx_word' id='word_1_181' title='bbox 1301 4182 1620 4276; x_wconf 83' lang='lat' dir='ltr'>hydrosulfurata,</span> 
     </span>
     <span class='ocr_line' id='line_1_29' title="bbox 424 4310 1621 4400; baseline 0.003 -19"><span class='ocrx_word' id='word_1_182' title='bbox 424 4329 494 4381; x_wconf 89' lang='lat' dir='ltr'>nec</span> <span class='ocrx_word' id='word_1_183' title='bbox 523 4311 713 4383; x_wconf 91' lang='lat' dir='ltr'>ammonio</span> <span class='ocrx_word' id='word_1_184' title='bbox 757 4311 953 4399; x_wconf 82' lang='lat' dir='ltr'>sulfurato,</span> <span class='ocrx_word' id='word_1_185' title='bbox 1001 4332 1072 4383; x_wconf 90' lang='lat' dir='ltr'>nec</span> <span class='ocrx_word' id='word_1_186' title='bbox 1121 4310 1312 4383; x_wconf 91' lang='lat' dir='ltr'>ammonio</span> <span class='ocrx_word' id='word_1_187' title='bbox 1360 4311 1516 4400; x_wconf 83' lang='lat' dir='ltr'>oxalico,</span> <span class='ocrx_word' id='word_1_188' title='bbox 1551 4333 1621 4385; x_wconf 92' lang='lat' dir='ltr'>nec</span> 
     </span>
     <span class='ocr_line' id='line_1_30' title="bbox 422 4435 1621 4532; baseline 0.004 -25"><span class='ocrx_word' id='word_1_189' title='bbox 422 4436 530 4509; x_wconf 91' lang='lat' dir='ltr'>acido</span> <span class='ocrx_word' id='word_1_190' title='bbox 554 4435 841 4527; x_wconf 86' lang='lat' dir='ltr'>hydrochlorico</span> <span class='ocrx_word' id='word_1_191' title='bbox 871 4436 997 4509; x_wconf 89' lang='lat' dir='ltr'>addito</span> <span class='ocrx_word' id='word_1_192' title='bbox 1022 4437 1139 4529; x_wconf 87' lang='lat' dir='ltr'>baryo</span> <span class='ocrx_word' id='word_1_193' title='bbox 1163 4437 1295 4510; x_wconf 89' lang='lat' dir='ltr'>nitrico</span> <span class='ocrx_word' id='word_1_194' title='bbox 1324 4443 1505 4525; x_wconf 89' lang='lat' dir='ltr'>mutetur;</span> <span class='ocrx_word' id='word_1_195' title='bbox 1549 4460 1621 4532; x_wconf 89' lang='lat' dir='ltr'>ope</span> 
     </span>
     <span class='ocr_line' id='line_1_31' title="bbox 424 4562 1621 4662; baseline 0.004 -28"><span class='ocrx_word' id='word_1_196' title='bbox 424 4563 519 4635; x_wconf 90' lang='lat' dir='ltr'>acidi</span> <span class='ocrx_word' id='word_1_197' title='bbox 538 4562 659 4636; x_wconf 89' lang='lat' dir='ltr'>nitrici</span> <span class='ocrx_word' id='word_1_198' title='bbox 674 4564 860 4637; x_wconf 91' lang='lat' dir='ltr'>acidulata</span> <span class='ocrx_word' id='word_1_199' title='bbox 876 4571 1031 4656; x_wconf 83' lang='lat' dir='ltr'>argento</span> <span class='ocrx_word' id='word_1_200' title='bbox 1048 4565 1179 4638; x_wconf 84' lang='lat' dir='ltr'>uitrico</span> <span class='ocrx_word' id='word_1_201' title='bbox 1196 4565 1341 4637; x_wconf 88' lang='lat' dir='ltr'>adiecto</span> <span class='ocrx_word' id='word_1_202' title='bbox 1358 4566 1621 4662; x_wconf 80' lang='lat' dir='ltr'>tantummodo</span> 
     </span>
    </p>
   </div>
   <div class='ocr_carea' id='block_1_5' title="bbox 0 0 1868 5397">
    <p class='ocr_par' dir='ltr' id='par_1_7' title="bbox 0 0 1868 5397">
     <span class='ocr_line' id='line_1_32' title="bbox 0 0 1868 5397; baseline 0 0"><span class='ocrx_word' id='word_1_203' title='bbox 0 0 1868 5397; x_wconf 95' lang='lat' dir='ltr'> </span> 
     </span>
    </p>
   </div>
  </div>
 </body>
</html>
