3725 5400
958 539 1200 612 -358-

483 760 542 829 est
558 753 756 828 reactionis
776 755 958 845 neutrius
985 755 1111 829 addito
1131 756 1228 829 kalio
1248 756 1533 851 hydrooxydato
1554 761 1678 833 soluto

482 882 765 977 praecipitatum
793 883 931 973 album,
967 882 1301 977 superabundante
1334 891 1511 978 reagente
1538 886 1679 961 insolu-

482 1009 554 1082 bile
575 1009 739 1103 deponit.

589 1137 794 1232 Crystallus
839 1137 1053 1230 Strychnini
1095 1137 1215 1211 nitrici
1265 1139 1305 1213 in
1352 1138 1503 1213 acidum
1542 1140 1678 1233 hydro·

482 1263 688 1338 chloricum
739 1264 921 1338 ebulliens
959 1264 1139 1338 immersa
1188 1265 1276 1340 huic
1319 1267 1485 1341 colorem
1521 1267 1679 1342 rubrum

482 1391 620 1465 tribuit.

590 1522 732 1596 Solutio
752 1541 899 1615 aquosa
917 1525 1169 1611 concentrata,
1199 1520 1325 1595 addito
1360 1521 1457 1595 kalio
1487 1522 1678 1596 chromico

481 1653 605 1724 soluto
629 1649 913 1744 praecipitatum
940 1647 1096 1722 demittit
1116 1648 1390 1722 rubro-flavum
1410 1651 1676 1743 crystallinum,

482 1778 586 1870 quod
619 1777 726 1851 acido
755 1776 934 1850 sulfurico
965 1780 1205 1849 concentrato
1225 1776 1485 1851 humectatum
1514 1779 1680 1852 colorem

482 1906 697 1979 caeruleum
716 1904 764 1976 ad
783 1902 993 1976 violaceum
1013 1902 1126 1976 ducit.

591 2032 856 2125 Strychniuum
880 2030 1054 2103 uitricum
1079 2051 1166 2103 cum
1191 2030 1300 2103 acido
1320 2030 1500 2104 sulturico
1521 2053 1679 2106 concen-

479 2164 594 2233 tratro
615 2160 842 2232 solutionem
862 2158 1077 2230 decolorem
1095 2157 1285 2250 praebeat,
1312 2179 1400 2230 cum
1419 2158 1527 2232 acido
1546 2158 1678 2233 uitrico

483 2286 683 2361 contritum
702 2286 868 2359 colorem
888 2284 1112 2372 subflavum,
1138 2305 1186 2356 ne
1206 2305 1296 2356 vero
1316 2284 1474 2358 rubrum
1494 2285 1677 2360 exhibeat.

587 2413 749 2507 Ignitum
769 2413 949 2504 detlagret
967 2411 1059 2484 nihil
1077 2412 1220 2484 residui
1237 2412 1467 2504 relinquens.

807 2607 1347 2747 sulfonamm.

589 2795 759 2889 Crystalli
786 2795 1023 2888 prismaticae
1058 2794 1266 2883 decolores
1303 2796 1429 2868 odoris
1464 2800 1501 2869 et
1529 2796 1676 2888 saporis

480 2930 664 3017 expertes
696 2927 947 3016 temperatura
979 2922 1241 2995 1050—1060
1273 2922 1541 3014 liquescentes
1579 2945 1676 3016 quae

481 3053 680 3126 calefactae
701 3051 781 3124 sine
801 3050 954 3123 residuo
975 3050 1136 3138 avolant,
1167 3049 1344 3122 incensae
1375 3050 1528 3122 ilamma
1552 3050 1677 3123 lucida

480 3180 707 3253 comburunt
726 3184 762 3252 et
781 3179 931 3251 acidum
951 3177 1184 3250 culturosum
1204 3177 1387 3250 emittunt.
1415 3177 1620 3251 Solvuntur
1638 3178 1678 3251 in

479 3308 647 3401 partibus
695 3307 839 3380 circiter
886 3307 965 3379 500
1003 3326 1123 3398 aquae
1172 3305 1339 3397 frigidae,
1383 3305 1422 3377 in
1469 3307 1516 3379 15
1557 3327 1677 3399 aquae

480 3435 656 3523 fervidae,
691 3435 800 3506 11165
822 3433 975 3525 spiritus
1009 3431 1085 3504 vini
1116 3432 1248 3523 frigidi,
1284 3433 1323 3505 in
1358 3432 1380 3504 0
1416 3433 1569 3527 spiritus
1602 3434 1679 3506 vini

479 3562 621 3652 fervidi,
643 3562 681 3634 in
706 3563 780 3634 135
802 3561 974 3634 aetheris

587 3690 821 3763 Sullonalum
842 3710 928 3761 cum
947 3687 1099 3780 pulvere
1121 3687 1294 3760 carbonis
1314 3688 1403 3779 ligni
1423 3688 1573 3761 intubo
1593 3709 1677 3780 pro·

478 3815 623 3889 batorio
644 3818 864 3890 calefactum
883 3815 1040 3889 odorem
1059 3814 1289 3907 mercaptani
1309 3815 1461 3908 spargit.

588 3943 822 4016 Sultonalum
859 3943 898 4015 in
936 3964 1035 4034 aqua
1071 3941 1247 4014 bulliente
1287 3943 1321 4031 (1
1345 3972 1393 4005 =
1412 3942 1477 4031 50)
1511 3940 1678 4014 solutum

477 4069 662 4161 liquorem
680 4071 859 4163 praebeat
887 4069 1015 4142 odoris
1045 4074 1248 4161 expertem,
1280 4067 1345 4159 qui
1367 4056 1610 4159 refrigeratus
1631 4068 1680 4140 sit

477 4197 675 4270 reactionis
700 4197 869 4270 neutrius
900 4218 971 4269 nec
996 4195 1122 4268 addito
1142 4195 1258 4287 baryo
1279 4194 1411 4266 uitrico
1430 4216 1500 4268 nec
1521 4199 1677 4287 argento

479 4323 610 4396 uitrico
630 4325 754 4397 soluto
775 4328 951 4396 mutetur.

587 4449 813 4524 Centimetra
842 4451 974 4523 cubica
1006 4451 1053 4522 10
1073 4449 1186 4522 huius
1211 4448 1422 4537 solutionis
1445 4453 1550 4541 gutta
1578 4451 1679 4523 solu·

477 4578 589 4651 tionis
620 4578 704 4650 latii
731 4576 1063 4671 hypermanganici
1092 4576 1127 4670 (1
1149 4607 1197 4640 =
1220 4574 1336 4671 1000)
1371 4576 1486 4649 mixta
1512 4577 1679 4651 colorem

477 4705 634 4779 scabrum
652 4706 821 4794 induant,
843 4705 907 4798 qui
924 4727 972 4778 ne
994 4705 1120 4777 statim
1138 4708 1349 4776 evanescat.
