3725 5400
728 415 966 489 -401-

358 632 499 730 Liquor
511 634 699 729 limpidus,
713 634 850 710 coloris
864 633 1199 710 rubicundosusoi.
1221 634 1447 711 Centimeua

250 764 382 839 cubica
397 763 420 838 l
437 762 533 854 Vini,
550 763 658 839 acido
676 762 963 856 hydrochlorioo
984 763 1181 852 acidulata,
1202 763 1329 838 addita
1347 783 1448 858 aqua

195 995 199 1002 .
249 892 556 986 hydrosidfiuata
584 892 834 969 sedimentum
863 892 1059 986 copiosum
1079 892 1214 968 coloris
1243 891 1449 968 auranlieei

248 1019 471 1116 producant.

414 1309 759 1424 lineum
795 1314 1285 1425 coloratum.

356 1496 485 1572 Pulvis
514 1497 751 1591 crystallinus
780 1498 899 1590 albus,
919 1504 1006 1573 ae're
1025 1498 1181 1573 humido
1202 1498 1389 1591 diffluens
1409 1498 1449 1574 in

248 1646 348 1722 aqua
385 1629 423 1699 et
459 1623 593 1720 spiritu
620 1624 709 1699 vini
741 1624 849 1699 facile
887 1624 1068 1699 solubilis
1126 1625 1269 1700 Solutio
1303 1645 1450 1718 aquosa

247 1753 447 1830 reaetionis
481 1751 623 1843 acidae,
657 1753 785 1827 addito
819 1753 1010 1828 ammonio
1048 1753 1233 1828 sulfurato
1270 1753 1450 1849 praeeipi-

248 1886 370 1958 tatum
412 1879 541 1956 elbum
586 1879 763 1970 demittit3
812 1886 1011 1975 argentum
1047 1881 1222 1956 uitricum
1263 1890 1451 1956 necnon

250 2010 441 2085 ammonia
482 2010 611 2085 itidem
651 2009 893 2107 praecipitata
935 2009 1021 2085 alba
1067 2009 1241 2100 efficiunt,
1288 2030 1451 2105 quorum

233 2133 452 2232 'utrumque
471 2138 510 2212 in
529 2139 720 2214 ammonia
738 2138 955 2213 abundante
974 2140 1136 2235 perfecte
1157 2139 1323 2214 solvitur.

357 2264 501 2341 Solutio
521 2286 670 2365 aquosa
687 2267 824 2360 (1=a)
843 2265 892 2342 sit
909 2266 1064 2363 limpida
1082 2270 1147 2342 aut
1165 2288 1300 2360 parum
1317 2268 1450 2342 lactes·

252 2413 342 2467 cens
354 2416 363 2482 ;
391 2393 676 2490 praecipitatum
704 2395 833 2470 album
856 2394 895 2469 in
916 2394 1048 2471 eadem
1072 2394 1199 2470 addito
1218 2394 1328 2490 ln‘plo
1346 2395 1450 2469 volu·

248 2520 349 2596 mine
388 2521 541 2617 spin‘tus
578 2521 655 2597 vini
701 2527 854 2599 enatum
892 2526 997 2617 gutta
1034 2522 1131 2599 acidi
1175 2521 1452 2618 hydroehlon'ci

246 2649 425 2725 solvetiu.

360 2778 506 2854 Solutio
527 2798 674 2874 aquosa
691 2779 867 2873 (1:10),
889 2779 1017 2854 addito
1038 2779 1145 2854 acido
1164 2776 1451 2871 hydrochlorieo

254 2926 325 2979 nec
358 2926 459 2999 aqua
491 2906 807 3002 hydrosulsurata,
846 2928 917 2982 neo
954 2907 1051 2982 ialio
1079 2906 1326 3000 fenieyanato
1355 2904 1453 2981 eolo·

252 3038 365 3126 retur,
384 3056 455 3110 nec
473 3035 591 3129 barro
609 3035 742 3112 uitrico
770 3034 952 3126 turbemr,
973 3036 1107 3110 eadem
1126 3034 1318 3109 ammonia
1335 3034 1453 3107 abun·

251 3160 366 3236 dente
394 3162 522 3235 addita
544 3162 697 3259 limpida
720 3168 872 3238 maneat
891 3169 928 3236 et
946 3161 1180 3257 hydrogenio
1207 3161 1392 3236 sulfurato
1415 3159 1454 3233 in

256 3308 415 3364 excessu
435 3289 573 3382 addito,
593 3291 802 3369 sedimento
822 3311 924 3365 mere
945 3289 1030 3365 albo
1051 3289 1235 3386 deposito,
1255 3288 1453 3363 fillratione

252 3415 442 3509 liquorem
461 3418 650 3514 praebeat,
680 3419 744 3513 qui
769 3418 819 3493 ad
843 3418 986 3494 siecum
1011 3421 1235 3514 evaporatus
1265 3422 1301 3491 et
1318 3414 1456 3511 ignitus

255 3543 452 3621 residuum
471 3546 713 3642 ponderabile
732 3566 781 3621 ne
800 3545 995 3641 relinquat

578 3869 796 4007 lineum
825 3870 1130 4042 orydatun.

362 4092 489 4168 Pulvis
523 4092 632 4168 albus
665 4093 824 4183 subtilis
856 4093 1014 4169 durante
1042 4093 1220 4186 ignitione
1251 4093 1384 4182 ssavus
1417 4090 1456 4164 in

255 4240 356 4313 aqua
374 4219 597 4311 insolubilia,
616 4221 655 4295 in
674 4220 780 4295 aoido
800 4220 941 4296 aoeiioo
962 4221 1079 4296 diluto
1100 4218 1281 4294 solubilia

366 4345 524 4421 Zincum
545 4347 751 4441 oxydalum
770 4347 997 4443 inpartibus
1022 4349 1070 4421 10
1091 4347 1186 4423 acidi
1206 4345 1334 4422 aeetiei
1354 4345 1459 4420 diluti

259 4474 340 4548 sine
388 4474 670 4550 effervescentia
707 4475 888 4565 solvatur;
937 4475 1074 4550 solutio
1127 4474 1280 4549 obtenta
1331 4472 1459 4548 addita

262 4602 454 4676 ammonia
478 4602 809 4697 superabundante
828 4603 982 4698 limpida
1000 4605 1151 4677 maneat
1174 4621 1298 4694 neque
1319 4620 1459 4674 ammo-

311 4757 502 4814 Phtrmaeopm.
1205 4739 1241 4794 26
