<?xml version="1.0" encoding="UTF-8"?>
<!DOCTYPE html PUBLIC "-//W3C//DTD XHTML 1.0 Transitional//EN"
    "http://www.w3.org/TR/xhtml1/DTD/xhtml1-transitional.dtd">
<html xmlns="http://www.w3.org/1999/xhtml" xml:lang="en" lang="en">
 <head>
  <title>
</title>
<meta http-equiv="Content-Type" content="text/html;charset=utf-8" />
  <meta name='ocr-system' content='tesseract 3.04.00' />
  <meta name='ocr-capabilities' content='ocr_page ocr_carea ocr_par ocr_line ocrx_word'/>
</head>
<body>
  <div class='ocr_page' id='page_1' title='image "./pharmacopoeaaus00innegoog_0360.png"; bbox 0 0 3725 5400; ppageno 0'>
   <div class='ocr_carea' id='block_1_1' title="bbox 903 496 1146 569">
    <p class='ocr_par' dir='ltr' id='par_1_1' title="bbox 903 496 1146 569">
     <span class='ocr_line' id='line_1_1' title="bbox 903 496 1146 569; baseline 0 0"><span class='ocrx_word' id='word_1_1' title='bbox 903 496 1146 569; x_wconf 60' lang='grc' dir='ltr'><strong>-ΒΜ-</strong></span> 
     </span>
    </p>
   </div>
   <div class='ocr_carea' id='block_1_2' title="bbox 424 712 1622 1424">
    <p class='ocr_par' dir='ltr' id='par_1_2' title="bbox 426 712 1621 915">
     <span class='ocr_line' id='line_1_2' title="bbox 426 712 1621 809; baseline -0.002 -20"><span class='ocrx_word' id='word_1_2' title='bbox 426 736 495 809; x_wconf 85' lang='lat' dir='ltr'>por</span> <span class='ocrx_word' id='word_1_3' title='bbox 511 713 661 807; x_wconf 86' lang='lat' dir='ltr'>longius</span> <span class='ocrx_word' id='word_1_4' title='bbox 675 719 825 806; x_wconf 90' lang='lat' dir='ltr'>tempus</span> <span class='ocrx_word' id='word_1_5' title='bbox 845 713 1023 808; x_wconf 84' lang='lat' dir='ltr'>seposita,</span> <span class='ocrx_word' id='word_1_6' title='bbox 1045 714 1203 787; x_wconf 89' lang='lat' dir='ltr'>odorem</span> <span class='ocrx_word' id='word_1_7' title='bbox 1222 712 1294 787; x_wconf 91' lang='lat' dir='ltr'>olei</span> <span class='ocrx_word' id='word_1_8' title='bbox 1309 713 1475 788; x_wconf 79' lang='lat' dir='ltr'>aetherei</span> <span class='ocrx_word' id='word_1_9' title='bbox 1494 734 1621 806; x_wconf 85' lang='lat' dir='ltr'>amyg-</span> 
     </span>
     <span class='ocr_line' id='line_1_3' title="bbox 429 842 845 915; baseline -0.005 0"><span class='ocrx_word' id='word_1_10' title='bbox 429 842 600 915; x_wconf 87' lang='lat' dir='ltr'>dalarum</span> <span class='ocrx_word' id='word_1_11' title='bbox 618 859 845 914; x_wconf 84' lang='lat' dir='ltr'>amararum.</span> 
     </span>
    </p>

    <p class='ocr_par' dir='ltr' id='par_1_3' title="bbox 424 966 1622 1424">
     <span class='ocr_line' id='line_1_4' title="bbox 538 966 1620 1062; baseline -0.002 -20"><span class='ocrx_word' id='word_1_12' title='bbox 538 969 614 1042; x_wconf 88' lang='lat'>100</span> <span class='ocrx_word' id='word_1_13' title='bbox 632 967 797 1042; x_wconf 87' lang='lat' dir='ltr'>Resinae</span> <span class='ocrx_word' id='word_1_14' title='bbox 815 972 954 1062; x_wconf 74' lang='lat' dir='ltr'>partes</span> <span class='ocrx_word' id='word_1_15' title='bbox 981 966 1113 1062; x_wconf 90' lang='lat' dir='ltr'>spiritu</span> <span class='ocrx_word' id='word_1_16' title='bbox 1140 967 1216 1040; x_wconf 91' lang='lat' dir='ltr'>vini</span> <span class='ocrx_word' id='word_1_17' title='bbox 1235 966 1434 1042; x_wconf 81' lang='lat' dir='ltr'>ebulliente</span> <span class='ocrx_word' id='word_1_18' title='bbox 1456 966 1620 1062; x_wconf 82' lang='lat' dir='ltr'>perfecte</span> 
     </span>
     <span class='ocr_line' id='line_1_5' title="bbox 426 1094 1622 1188; baseline -0.002 -18"><span class='ocrx_word' id='word_1_19' title='bbox 426 1100 624 1186; x_wconf 78' lang='lat' dir='ltr'>extractae,</span> <span class='ocrx_word' id='word_1_20' title='bbox 654 1116 702 1169; x_wconf 90' lang='lat' dir='ltr'>ne</span> <span class='ocrx_word' id='word_1_21' title='bbox 735 1096 820 1188; x_wconf 90' lang='lat' dir='ltr'>plus</span> <span class='ocrx_word' id='word_1_22' title='bbox 855 1117 971 1188; x_wconf 90' lang='lat' dir='ltr'>quam</span> <span class='ocrx_word' id='word_1_23' title='bbox 1003 1099 1129 1188; x_wconf 85' lang='lat' dir='ltr'>partes</span> <span class='ocrx_word' id='word_1_24' title='bbox 1160 1095 1208 1167; x_wconf 91' lang='lat'>10</span> <span class='ocrx_word' id='word_1_25' title='bbox 1227 1094 1368 1168; x_wconf 88' lang='lat' dir='ltr'>residui</span> <span class='ocrx_word' id='word_1_26' title='bbox 1399 1095 1622 1188; x_wconf 84' lang='lat' dir='ltr'>relinquant</span> 
     </span>
     <span class='ocr_line' id='line_1_6' title="bbox 424 1222 1621 1316; baseline 0 -20"><span class='ocrx_word' id='word_1_27' title='bbox 424 1223 568 1297; x_wconf 87' lang='lat' dir='ltr'>Eadem</span> <span class='ocrx_word' id='word_1_28' title='bbox 587 1223 776 1316; x_wconf 82' lang='lat' dir='ltr'>quantitas</span> <span class='ocrx_word' id='word_1_29' title='bbox 799 1223 935 1296; x_wconf 86' lang='lat' dir='ltr'>mercis</span> <span class='ocrx_word' id='word_1_30' title='bbox 961 1222 1160 1296; x_wconf 87' lang='lat' dir='ltr'>combusta</span> <span class='ocrx_word' id='word_1_31' title='bbox 1186 1222 1340 1316; x_wconf 85' lang='lat' dir='ltr'>neptus</span> <span class='ocrx_word' id='word_1_32' title='bbox 1361 1243 1477 1314; x_wconf 87' lang='lat' dir='ltr'>quam</span> <span class='ocrx_word' id='word_1_33' title='bbox 1494 1225 1621 1315; x_wconf 88' lang='lat' dir='ltr'>partes</span> 
     </span>
     <span class='ocr_line' id='line_1_7' title="bbox 428 1349 814 1424; baseline 0 -1"><span class='ocrx_word' id='word_1_34' title='bbox 428 1349 606 1423; x_wconf 69' lang='lat' dir='ltr'>latueris</span> <span class='ocrx_word' id='word_1_35' title='bbox 631 1350 814 1424; x_wconf 86' lang='lat' dir='ltr'>exhibeat.</span> 
     </span>
    </p>
   </div>
   <div class='ocr_carea' id='block_1_3' title="bbox 714 1601 1434 1790">
    <p class='ocr_par' dir='ltr' id='par_1_4' title="bbox 714 1601 1434 1790">
     <span class='ocr_line' id='line_1_8' title="bbox 714 1601 1434 1790; baseline 0.001 -56"><span class='ocrx_word' id='word_1_36' title='bbox 714 1601 914 1736; x_wconf 80' lang='lat' dir='ltr'>Rosiae</span> <span class='ocrx_word' id='word_1_37' title='bbox 955 1601 1341 1772; x_wconf 75' lang='lat' dir='ltr'>Colophonim.</span> <span class='ocrx_word' id='word_1_38' title='bbox 1424 1770 1434 1790; x_wconf 16' lang='grc' dir='ltr'><strong>ἱ</strong></span> 
     </span>
    </p>
   </div>
   <div class='ocr_carea' id='block_1_4' title="bbox 533 1819 1620 1917">
    <p class='ocr_par' dir='ltr' id='par_1_5' title="bbox 533 1819 1620 1917">
     <span class='ocr_line' id='line_1_9' title="bbox 533 1819 1620 1917; baseline -0.005 -21"><span class='ocrx_word' id='word_1_39' title='bbox 533 1822 620 1896; x_wconf 83' lang='lat' dir='ltr'>Ptni</span> <span class='ocrx_word' id='word_1_40' title='bbox 634 1822 792 1917; x_wconf 73' lang='lat' dir='ltr'>species</span> <span class='ocrx_word' id='word_1_41' title='bbox 809 1822 990 1916; x_wconf 86' lang='lat' dir='ltr'>imprimis</span> <span class='ocrx_word' id='word_1_42' title='bbox 1006 1822 1121 1895; x_wconf 72' lang='lat' dir='ltr'>Pinus</span> <span class='ocrx_word' id='word_1_43' title='bbox 1136 1821 1279 1895; x_wconf 80' lang='lat' dir='ltr'>Lortcio</span> <span class='ocrx_word' id='word_1_44' title='bbox 1294 1821 1440 1895; x_wconf 92' lang='lat' dir='ltr'>Poiret</span> <span class='ocrx_word' id='word_1_45' title='bbox 1454 1825 1492 1896; x_wconf 89' lang='lat' dir='ltr'>et</span> <span class='ocrx_word' id='word_1_46' title='bbox 1504 1819 1620 1894; x_wconf 79' lang='lat' dir='ltr'>Pinus</span> 
     </span>
    </p>
   </div>
   <div class='ocr_carea' id='block_1_5' title="bbox 281 1949 1308 2041">
    <p class='ocr_par' dir='ltr' id='par_1_6' title="bbox 281 1949 1308 2041">
     <span class='ocr_line' id='line_1_10' title="bbox 281 1949 1308 2041; baseline 0 -19"><span class='ocrx_word' id='word_1_47' title='bbox 281 1977 283 1980; x_wconf 93' lang='lat'>·</span> <span class='ocrx_word' id='word_1_48' title='bbox 424 1950 594 2023; x_wconf 80' lang='lat' dir='ltr'>silvestria</span> <span class='ocrx_word' id='word_1_49' title='bbox 612 1950 665 2041; x_wconf 89' lang='lat' dir='ltr'>L.,</span> <span class='ocrx_word' id='word_1_50' title='bbox 685 1951 840 2024; x_wconf 89' lang='lat' dir='ltr'>arbores</span> <span class='ocrx_word' id='word_1_51' title='bbox 860 1950 1057 2041; x_wconf 79' lang='lat' dir='ltr'>indigenae</span> <span class='ocrx_word' id='word_1_52' title='bbox 1076 1949 1308 2023; x_wconf 86' lang='lat' dir='ltr'>notissimae.</span> 
     </span>
    </p>
   </div>
   <div class='ocr_carea' id='block_1_6' title="bbox 424 2074 1626 3185">
    <p class='ocr_par' dir='ltr' id='par_1_7' title="bbox 424 2074 1626 2553">
     <span class='ocr_line' id='line_1_11' title="bbox 533 2074 1626 2152; baseline -0.005 -1"><span class='ocrx_word' id='word_1_53' title='bbox 533 2077 677 2152; x_wconf 85' lang='lat' dir='ltr'>Resina</span> <span class='ocrx_word' id='word_1_54' title='bbox 709 2079 793 2151; x_wconf 92' lang='lat' dir='ltr'>oleo</span> <span class='ocrx_word' id='word_1_55' title='bbox 826 2077 1114 2152; x_wconf 86' lang='lat' dir='ltr'>Terebintbinae</span> <span class='ocrx_word' id='word_1_56' title='bbox 1156 2077 1322 2150; x_wconf 90' lang='lat' dir='ltr'>liberata.</span> <span class='ocrx_word' id='word_1_57' title='bbox 1370 2076 1498 2150; x_wconf 86' lang='lat' dir='ltr'>Massa</span> <span class='ocrx_word' id='word_1_58' title='bbox 1531 2074 1626 2147; x_wconf 90' lang='lat' dir='ltr'>dura</span> 
     </span>
     <span class='ocr_line' id='line_1_12' title="bbox 424 2200 1625 2298; baseline -0.003 -20"><span class='ocrx_word' id='word_1_59' title='bbox 424 2204 566 2297; x_wconf 86' lang='lat' dir='ltr'>fragilis</span> <span class='ocrx_word' id='word_1_60' title='bbox 594 2210 631 2278; x_wconf 91' lang='lat' dir='ltr'>et</span> <span class='ocrx_word' id='word_1_61' title='bbox 653 2205 807 2278; x_wconf 87' lang='lat' dir='ltr'>friabilis</span> <span class='ocrx_word' id='word_1_62' title='bbox 835 2207 999 2279; x_wconf 88' lang='lat' dir='ltr'>fractura</span> <span class='ocrx_word' id='word_1_63' title='bbox 1022 2204 1282 2292; x_wconf 88' lang='lat' dir='ltr'>laticonchata,</span> <span class='ocrx_word' id='word_1_64' title='bbox 1318 2202 1520 2298; x_wconf 87' lang='lat' dir='ltr'>splendore</span> <span class='ocrx_word' id='word_1_65' title='bbox 1547 2200 1625 2274; x_wconf 89' lang='lat' dir='ltr'>fere</span> 
     </span>
     <span class='ocr_line' id='line_1_13' title="bbox 428 2326 1624 2424; baseline -0.005 -19"><span class='ocrx_word' id='word_1_66' title='bbox 428 2332 558 2420; x_wconf 84' lang='lat' dir='ltr'>vitree,</span> <span class='ocrx_word' id='word_1_67' title='bbox 607 2331 732 2405; x_wconf 90' lang='lat' dir='ltr'>colore</span> <span class='ocrx_word' id='word_1_68' title='bbox 778 2333 891 2424; x_wconf 88' lang='lat' dir='ltr'>vulgo</span> <span class='ocrx_word' id='word_1_69' title='bbox 937 2331 1173 2420; x_wconf 84' lang='lat' dir='ltr'>flavo-fusco,</span> <span class='ocrx_word' id='word_1_70' title='bbox 1220 2330 1385 2424; x_wconf 89' lang='lat' dir='ltr'>limpida,</span> <span class='ocrx_word' id='word_1_71' title='bbox 1428 2326 1624 2423; x_wconf 88' lang='lat' dir='ltr'>pellucida,</span> 
     </span>
     <span class='ocr_line' id='line_1_14' title="bbox 428 2433 1260 2553; baseline -0.002 -20"><span class='ocrx_word' id='word_1_72' title='bbox 428 2459 622 2552; x_wconf 83' lang='lat' dir='ltr'>amarpha,</span> <span class='ocrx_word' id='word_1_73' title='bbox 643 2433 771 2532; x_wconf 87' lang='lat' dir='ltr'>odoris</span> <span class='ocrx_word' id='word_1_74' title='bbox 792 2465 829 2532; x_wconf 92' lang='lat' dir='ltr'>et</span> <span class='ocrx_word' id='word_1_75' title='bbox 848 2459 996 2553; x_wconf 89' lang='lat' dir='ltr'>saporis</span> <span class='ocrx_word' id='word_1_76' title='bbox 1014 2459 1093 2531; x_wconf 91' lang='lat' dir='ltr'>fere</span> <span class='ocrx_word' id='word_1_77' title='bbox 1113 2479 1260 2551; x_wconf 74' lang='lat' dir='ltr'>expers,</span> 
     </span>
    </p>

    <p class='ocr_par' dir='ltr' id='par_1_8' title="bbox 424 2585 1624 2933">
     <span class='ocr_line' id='line_1_15' title="bbox 533 2585 1624 2679; baseline -0.005 -20"><span class='ocrx_word' id='word_1_78' title='bbox 533 2586 577 2660; x_wconf 94' lang='lat' dir='ltr'>In</span> <span class='ocrx_word' id='word_1_79' title='bbox 604 2586 740 2660; x_wconf 86' lang='lat' dir='ltr'>balneo</span> <span class='ocrx_word' id='word_1_80' title='bbox 774 2608 895 2679; x_wconf 89' lang='lat' dir='ltr'>aquae</span> <span class='ocrx_word' id='word_1_81' title='bbox 926 2585 1202 2678; x_wconf 83' lang='lat' dir='ltr'>Colophonium</span> <span class='ocrx_word' id='word_1_82' title='bbox 1234 2586 1419 2678; x_wconf 89' lang='lat' dir='ltr'>liquorem</span> <span class='ocrx_word' id='word_1_83' title='bbox 1451 2588 1624 2657; x_wconf 85' lang='lat' dir='ltr'>tenacem</span> 
     </span>
     <span class='ocr_line' id='line_1_16' title="bbox 424 2713 1622 2808; baseline -0.007 -19"><span class='ocrx_word' id='word_1_84' title='bbox 424 2715 620 2808; x_wconf 91' lang='lat' dir='ltr'>limpidum</span> <span class='ocrx_word' id='word_1_85' title='bbox 648 2715 770 2805; x_wconf 89' lang='lat' dir='ltr'>efficit,</span> <span class='ocrx_word' id='word_1_86' title='bbox 804 2715 868 2808; x_wconf 87' lang='lat' dir='ltr'>qui</span> <span class='ocrx_word' id='word_1_87' title='bbox 896 2713 1017 2805; x_wconf 88' lang='lat' dir='ltr'>magis</span> <span class='ocrx_word' id='word_1_88' title='bbox 1045 2713 1270 2787; x_wconf 84' lang='lat' dir='ltr'>fervefactus</span> <span class='ocrx_word' id='word_1_89' title='bbox 1299 2732 1460 2806; x_wconf 85' lang='lat' dir='ltr'>vapores</span> <span class='ocrx_word' id='word_1_90' title='bbox 1489 2729 1622 2803; x_wconf 88' lang='lat' dir='ltr'>graves</span> 
     </span>
     <span class='ocr_line' id='line_1_17' title="bbox 425 2840 1293 2933; baseline -0.005 -17"><span class='ocrx_word' id='word_1_91' title='bbox 425 2842 533 2916; x_wconf 87' lang='lat' dir='ltr'>albos</span> <span class='ocrx_word' id='word_1_92' title='bbox 553 2842 681 2916; x_wconf 83' lang='lat' dir='ltr'>odoris</span> <span class='ocrx_word' id='word_1_93' title='bbox 700 2841 893 2915; x_wconf 90' lang='lat' dir='ltr'>balsamici</span> <span class='ocrx_word' id='word_1_94' title='bbox 912 2841 1017 2914; x_wconf 91' lang='lat' dir='ltr'>haud</span> <span class='ocrx_word' id='word_1_95' title='bbox 1036 2841 1130 2933; x_wconf 86' lang='lat' dir='ltr'>grati</span> <span class='ocrx_word' id='word_1_96' title='bbox 1149 2840 1293 2914; x_wconf 86' lang='lat' dir='ltr'>emittit.</span> 
     </span>
    </p>

    <p class='ocr_par' dir='ltr' id='par_1_9' title="bbox 425 2963 1622 3185">
     <span class='ocr_line' id='line_1_18' title="bbox 532 2963 1622 3062; baseline -0.006 -20"><span class='ocrx_word' id='word_1_97' title='bbox 532 2968 575 3041; x_wconf 90' lang='lat' dir='ltr'>ln</span> <span class='ocrx_word' id='word_1_98' title='bbox 592 2968 761 3062; x_wconf 91' lang='lat' dir='ltr'>pondere</span> <span class='ocrx_word' id='word_1_99' title='bbox 782 2968 929 3060; x_wconf 85' lang='lat' dir='ltr'>aequali</span> <span class='ocrx_word' id='word_1_100' title='bbox 949 2973 986 3040; x_wconf 88' lang='lat' dir='ltr'>et</span> <span class='ocrx_word' id='word_1_101' title='bbox 1013 2967 1166 3061; x_wconf 89' lang='lat' dir='ltr'>spiritus</span> <span class='ocrx_word' id='word_1_102' title='bbox 1194 2966 1270 3039; x_wconf 89' lang='lat' dir='ltr'>vini</span> <span class='ocrx_word' id='word_1_103' title='bbox 1299 2970 1336 3038; x_wconf 89' lang='lat' dir='ltr'>et</span> <span class='ocrx_word' id='word_1_104' title='bbox 1368 2964 1465 3038; x_wconf 89' lang='lat' dir='ltr'>acidi</span> <span class='ocrx_word' id='word_1_105' title='bbox 1492 2963 1622 3038; x_wconf 83' lang='lat' dir='ltr'>arctici</span> 
     </span>
     <span class='ocr_line' id='line_1_19' title="bbox 425 3092 1549 3185; baseline -0.006 -15"><span class='ocrx_word' id='word_1_106' title='bbox 425 3098 525 3171; x_wconf 93' lang='lat' dir='ltr'>lente</span> <span class='ocrx_word' id='word_1_107' title='bbox 544 3096 700 3169; x_wconf 87' lang='lat' dir='ltr'>solvitur</span> <span class='ocrx_word' id='word_1_108' title='bbox 719 3117 789 3169; x_wconf 91' lang='lat' dir='ltr'>neo</span> <span class='ocrx_word' id='word_1_109' title='bbox 809 3116 887 3168; x_wconf 91' lang='lat' dir='ltr'>non</span> <span class='ocrx_word' id='word_1_110' title='bbox 906 3094 946 3167; x_wconf 92' lang='lat' dir='ltr'>in</span> <span class='ocrx_word' id='word_1_111' title='bbox 964 3094 1085 3167; x_wconf 88' lang='lat' dir='ltr'>natrio</span> <span class='ocrx_word' id='word_1_112' title='bbox 1104 3093 1392 3185; x_wconf 84' lang='lat' dir='ltr'>hydrooxydato</span> <span class='ocrx_word' id='word_1_113' title='bbox 1412 3092 1549 3164; x_wconf 91' lang='lat' dir='ltr'>soluto.</span> 
     </span>
    </p>
   </div>
   <div class='ocr_carea' id='block_1_7' title="bbox 783 3415 1275 3551">
    <p class='ocr_par' dir='ltr' id='par_1_10' title="bbox 783 3415 1275 3551">
     <span class='ocr_line' id='line_1_20' title="bbox 783 3415 1275 3551; baseline -0.004 -1"><span class='ocrx_word' id='word_1_114' title='bbox 783 3415 987 3551; x_wconf 84' lang='lat' dir='ltr'>Resina</span> <span class='ocrx_word' id='word_1_115' title='bbox 1014 3417 1275 3549; x_wconf 79' lang='lat' dir='ltr'>flammai.</span> 
     </span>
    </p>
   </div>
   <div class='ocr_carea' id='block_1_8' title="bbox 421 3635 1657 4370">
    <p class='ocr_par' dir='ltr' id='par_1_11' title="bbox 421 3635 1622 3967">
     <span class='ocr_line' id='line_1_21' title="bbox 537 3635 1622 3731; baseline -0.006 -18"><span class='ocrx_word' id='word_1_116' title='bbox 537 3638 693 3713; x_wconf 88' lang='lat' dir='ltr'>Generis</span> <span class='ocrx_word' id='word_1_117' title='bbox 744 3636 914 3727; x_wconf 78' lang='lat' dir='ltr'>storeae,</span> <span class='ocrx_word' id='word_1_118' title='bbox 963 3635 1108 3731; x_wconf 83' lang='lat' dir='ltr'>Hopeae</span> <span class='ocrx_word' id='word_1_119' title='bbox 1154 3640 1191 3709; x_wconf 90' lang='lat' dir='ltr'>et</span> <span class='ocrx_word' id='word_1_120' title='bbox 1236 3636 1396 3709; x_wconf 85' lang='lat' dir='ltr'>aliorum</span> <span class='ocrx_word' id='word_1_121' title='bbox 1441 3655 1622 3727; x_wconf 89' lang='lat' dir='ltr'>genemm</span> 
     </span>
     <span class='ocr_line' id='line_1_22' title="bbox 421 3762 1621 3860; baseline -0.003 -20"><span class='ocrx_word' id='word_1_122' title='bbox 421 3767 842 3860; x_wconf 87' lang='lat' dir='ltr'>Dipterocarpacearum</span> <span class='ocrx_word' id='word_1_123' title='bbox 874 3764 1021 3858; x_wconf 90' lang='lat' dir='ltr'>species</span> <span class='ocrx_word' id='word_1_124' title='bbox 1060 3785 1137 3837; x_wconf 94' lang='lat' dir='ltr'>non</span> <span class='ocrx_word' id='word_1_125' title='bbox 1174 3764 1266 3838; x_wconf 88' lang='lat' dir='ltr'>satis</span> <span class='ocrx_word' id='word_1_126' title='bbox 1304 3767 1428 3853; x_wconf 91' lang='lat' dir='ltr'>notae,</span> <span class='ocrx_word' id='word_1_127' title='bbox 1466 3762 1621 3837; x_wconf 88' lang='lat' dir='ltr'>arbores</span> 
     </span>
     <span class='ocr_line' id='line_1_23' title="bbox 422 3892 770 3967; baseline -0.011 0"><span class='ocrx_word' id='word_1_128' title='bbox 422 3894 549 3967; x_wconf 90' lang='lat' dir='ltr'>Indiae</span> <span class='ocrx_word' id='word_1_129' title='bbox 570 3892 770 3967; x_wconf 90' lang='lat' dir='ltr'>orientalis.</span> 
     </span>
    </p>

    <p class='ocr_par' dir='ltr' id='par_1_12' title="bbox 422 4017 1657 4370">
     <span class='ocr_line' id='line_1_24' title="bbox 531 4017 1623 4112; baseline -0.005 -16"><span class='ocrx_word' id='word_1_130' title='bbox 531 4022 657 4096; x_wconf 88' lang='lat' dir='ltr'>Grana</span> <span class='ocrx_word' id='word_1_131' title='bbox 711 4021 923 4110; x_wconf 87' lang='lat' dir='ltr'>rotundata,</span> <span class='ocrx_word' id='word_1_132' title='bbox 984 4019 1148 4111; x_wconf 86' lang='lat' dir='ltr'>oblonga</span> <span class='ocrx_word' id='word_1_133' title='bbox 1202 4025 1239 4092; x_wconf 91' lang='lat' dir='ltr'>et</span> <span class='ocrx_word' id='word_1_134' title='bbox 1298 4017 1503 4112; x_wconf 89' lang='lat' dir='ltr'>piriformia</span> <span class='ocrx_word' id='word_1_135' title='bbox 1558 4024 1623 4092; x_wconf 89' lang='lat' dir='ltr'>aut</span> 
     </span>
     <span class='ocr_line' id='line_1_25' title="bbox 423 4145 1657 4238; baseline -0.001 -14"><span class='ocrx_word' id='word_1_136' title='bbox 423 4172 573 4224; x_wconf 85' lang='lat' dir='ltr'>massae</span> <span class='ocrx_word' id='word_1_137' title='bbox 621 4149 809 4222; x_wconf 86' lang='lat' dir='ltr'>deformes</span> <span class='ocrx_word' id='word_1_138' title='bbox 848 4148 972 4221; x_wconf 85' lang='lat' dir='ltr'>variae</span> <span class='ocrx_word' id='word_1_139' title='bbox 1020 4146 1297 4238; x_wconf 74' lang='lat' dir='ltr'>magnitudinis</span> <span class='ocrx_word' id='word_1_140' title='bbox 1349 4145 1485 4219; x_wconf 87' lang='lat' dir='ltr'>coloris</span> <span class='ocrx_word' id='word_1_141' title='bbox 1533 4147 1622 4220; x_wconf 91' lang='lat' dir='ltr'>sub·</span> <span class='ocrx_word' id='word_1_142' title='bbox 1653 4213 1657 4223; x_wconf 86' lang='lat'><em>.</em></span> 
     </span>
     <span class='ocr_line' id='line_1_26' title="bbox 422 4273 1623 4370; baseline -0.003 -19"><span class='ocrx_word' id='word_1_143' title='bbox 422 4277 551 4365; x_wconf 88' lang='lat' dir='ltr'>citrini,</span> <span class='ocrx_word' id='word_1_144' title='bbox 585 4276 804 4370; x_wconf 90' lang='lat' dir='ltr'>pellucidae,</span> <span class='ocrx_word' id='word_1_145' title='bbox 839 4275 1002 4366; x_wconf 83' lang='lat' dir='ltr'>fragiles,</span> <span class='ocrx_word' id='word_1_146' title='bbox 1037 4273 1076 4347; x_wconf 86' lang='lat' dir='ltr'>&#39;m</span> <span class='ocrx_word' id='word_1_147' title='bbox 1108 4274 1273 4347; x_wconf 87' lang='lat' dir='ltr'>fractura</span> <span class='ocrx_word' id='word_1_148' title='bbox 1309 4273 1495 4347; x_wconf 86' lang='lat' dir='ltr'>conchata</span> <span class='ocrx_word' id='word_1_149' title='bbox 1539 4274 1623 4347; x_wconf 88' lang='lat' dir='ltr'>vitri</span> 
     </span>
    </p>
   </div>
   <div class='ocr_carea' id='block_1_9' title="bbox 292 4400 1620 4496">
    <p class='ocr_par' dir='ltr' id='par_1_13' title="bbox 292 4400 1620 4496">
     <span class='ocr_line' id='line_1_27' title="bbox 292 4400 1620 4496; baseline -0.001 -18"><span class='ocrx_word' id='word_1_150' title='bbox 292 4416 294 4419; x_wconf 83' lang='grc'><strong>’</strong></span> <span class='ocrx_word' id='word_1_151' title='bbox 423 4405 542 4478; x_wconf 88' lang='lat' dir='ltr'>instar</span> <span class='ocrx_word' id='word_1_152' title='bbox 559 4405 733 4492; x_wconf 87' lang='lat' dir='ltr'>nitentes,</span> <span class='ocrx_word' id='word_1_153' title='bbox 755 4404 862 4477; x_wconf 90' lang='lat' dir='ltr'>facile</span> <span class='ocrx_word' id='word_1_154' title='bbox 881 4404 920 4475; x_wconf 91' lang='lat' dir='ltr'>in</span> <span class='ocrx_word' id='word_1_155' title='bbox 939 4404 1132 4496; x_wconf 89' lang='lat' dir='ltr'>pulverem</span> <span class='ocrx_word' id='word_1_156' title='bbox 1152 4400 1291 4490; x_wconf 89' lang='lat' dir='ltr'>album,</span> <span class='ocrx_word' id='word_1_157' title='bbox 1313 4400 1441 4474; x_wconf 91' lang='lat' dir='ltr'>odoris</span> <span class='ocrx_word' id='word_1_158' title='bbox 1461 4402 1539 4477; x_wconf 92' lang='lat' dir='ltr'>fere</span> <span class='ocrx_word' id='word_1_159' title='bbox 1559 4425 1620 4477; x_wconf 85' lang='lat' dir='ltr'>ex·</span> 
     </span>
    </p>
   </div>
   <div class='ocr_carea' id='block_1_10' title="bbox 423 4528 1622 4749">
    <p class='ocr_par' dir='ltr' id='par_1_14' title="bbox 423 4528 1622 4749">
     <span class='ocr_line' id='line_1_28' title="bbox 423 4528 1622 4628; baseline -0.001 -22"><span class='ocrx_word' id='word_1_160' title='bbox 423 4538 568 4628; x_wconf 90' lang='lat' dir='ltr'>pertem</span> <span class='ocrx_word' id='word_1_161' title='bbox 600 4531 860 4621; x_wconf 88' lang='lat' dir='ltr'>conterendae,</span> <span class='ocrx_word' id='word_1_162' title='bbox 898 4530 971 4603; x_wconf 90' lang='lat' dir='ltr'>sub</span> <span class='ocrx_word' id='word_1_163' title='bbox 1010 4529 1131 4621; x_wconf 85' lang='lat' dir='ltr'>digitis</span> <span class='ocrx_word' id='word_1_164' title='bbox 1168 4529 1281 4622; x_wconf 88' lang='lat' dir='ltr'>paulo</span> <span class='ocrx_word' id='word_1_165' title='bbox 1322 4528 1544 4621; x_wconf 87' lang='lat' dir='ltr'>glutinosae,</span> <span class='ocrx_word' id='word_1_166' title='bbox 1582 4530 1622 4604; x_wconf 90' lang='lat' dir='ltr'>in</span> 
     </span>
     <span class='ocr_line' id='line_1_29' title="bbox 424 4655 1621 4749; baseline -0.003 -15"><span class='ocrx_word' id='word_1_167' title='bbox 424 4659 689 4734; x_wconf 87' lang='lat' dir='ltr'>chloroformio</span> <span class='ocrx_word' id='word_1_168' title='bbox 738 4665 775 4732; x_wconf 94' lang='lat' dir='ltr'>et</span> <span class='ocrx_word' id='word_1_169' title='bbox 817 4657 1005 4732; x_wconf 85' lang='lat' dir='ltr'>carboneo</span> <span class='ocrx_word' id='word_1_170' title='bbox 1049 4657 1231 4729; x_wconf 89' lang='lat' dir='ltr'>sulfurato</span> <span class='ocrx_word' id='word_1_171' title='bbox 1280 4655 1444 4749; x_wconf 86' lang='lat' dir='ltr'>copiose,</span> <span class='ocrx_word' id='word_1_172' title='bbox 1493 4657 1621 4731; x_wconf 89' lang='lat' dir='ltr'>minus</span> 
     </span>
    </p>
   </div>
   <div class='ocr_carea' id='block_1_11' title="bbox 0 0 1868 5400">
    <p class='ocr_par' dir='ltr' id='par_1_15' title="bbox 0 0 1868 5400">
     <span class='ocr_line' id='line_1_30' title="bbox 0 0 1868 5400; baseline 0 0"><span class='ocrx_word' id='word_1_173' title='bbox 0 0 1868 5400; x_wconf 95' lang='lat' dir='ltr'> </span> 
     </span>
    </p>
   </div>
  </div>
 </body>
</html>
