3725 5400
712 498 948 570 -173-

491 713 720 846 Fructus
758 710 912 844 Anisi
951 710 1165 847 stellati.

336 950 494 1024 illiciam
511 974 629 1023 voum
646 950 833 1039 Hooker‚
864 952 977 1025 arbor
996 949 1140 1025 Chinae
1159 951 1427 1025 meridionalis.

339 1077 513 1172 Carpidia
531 1100 625 1153 sena
647 1100 771 1172 usque
791 1084 928 1153 octona
955 1079 1213 1167 hon'zontalia,
1240 1080 1339 1153 circa
1368 1100 1428 1154 co·

230 1207 420 1282 lumellam
434 1207 637 1280 centralem
650 1207 893 1280 verticillatirn
908 1207 1093 1298 contigua,
1109 1227 1188 1279 non
1202 1227 1288 1280 raro
1304 1206 1428 1279 adhuc

230 1334 444 1428 pedunculo
455 1353 608 1407 sursum
616 1333 1027 1407 arcuatoetincrassato
1035 1332 1200 1422 suffulta,
1207 1333 1429 1426 plerumque

230 1461 450 1554 inaequalia
471 1482 494 1533 a
512 1459 626 1534 latere
647 1481 875 1552 compressa,
901 1460 1159 1552 cymbitormia
1192 1460 1296 1553 apice
1327 1461 1431 1534 breui

230 1590 380 1673 obtuso,
399 1594 501 1661 recto
521 1588 581 1660 vel
600 1587 870 1681 subimpress0‚
897 1586 1000 1660 iuxta
1028 1592 1201 1661 suturam
1223 1588 1430 1662 ventraiem

232 1715 401 1801 bivalvia
435 1715 574 1788 siccata
611 1714 816 1807 pericarpio
859 1714 1091 1807 sublignoso‚
1130 1719 1237 1788 extus
1275 1735 1429 1806 rugoso,

233 1841 597 1935 griseo-ferrugineo,
626 1841 727 1915 intus
756 1842 952 1933 laevigata,
981 1843 1125 1915 semine
1145 1841 1309 1917 solitario
1330 1863 1430 1916 corn·

232 1990 367 2062 presso
393 1970 499 2057 orati,
523 1974 621 2043 testa
639 1968 755 2042 nitida
775 1974 953 2043 castanea
972 1973 1038 2043 aut
1056 1969 1289 2051 ssavo-fusca,
1310 1969 1431 2062 fragili

234 2097 377 2170 vestitu.
399 2097 573 2190 Carpidia
591 2101 681 2170 sunt
700 2097 828 2170 odoris
849 2102 885 2169 et
903 2096 1051 2189 saporis
1071 2096 1190 2171 Anisi.

345 2223 442 2296 Cave
471 2245 518 2297 ne
554 2225 602 2297 sit
627 2224 845 2316 inquinatus
875 2224 1057 2297 fluctibus
1086 2224 1281 2298 venenatis
1309 2226 1431 2299 forma

233 2350 417 2424 similibus
451 2351 520 2424 sed
556 2350 765 2425 minoribus
797 2349 910 2423 111ίεὶ1
942 2350 1101 2448 relipiosc'
1134 2350 1325 2437 Siebold,
1358 2352 1431 2425 sub

235 2479 387 2551 nomine
420 2478 529 2550 Anici
559 2476 690 2550 stellati
716 2477 880 2573 Iaponiei
907 2479 1018 2567 notis
1061 2483 1257 2571 praeterea
1304 2479 1432 2570 digno·

234 2604 385 2678 scendis
411 2606 550 2678 annulo
580 2605 764 2679 suberoso
785 2605 824 2678 in
849 2605 992 2680 ambitu
1021 2605 1199 2678 cicatricis
1229 2605 1432 2700 pedunculi

234 2733 325 2805 recti
353 2734 489 2821 teretis,
527 2733 717 2821 tenuioris
748 2734 918 2827 carpidiis
948 2734 1282 2826 pergamentaceis,
1312 2734 1432 2826 magis

233 2860 465 2946 ventricosiS‚
476 2860 515 2932 in
530 2860 674 2953 apicem
690 2864 853 2948 acutum,
865 2865 1028 2948 tenuem,
1040 2881 1153 2954 saepe
1164 2860 1433 2934 subhumatum

235 2986 505 3071 desinentibus,
518 2987 660 3060 semine
675 2988 801 3060 minus
817 3009 1047 3081 compresse,
1062 2988 1101 3061 in
1117 2988 1345 3061 extremitate
1357 2988 1433 3061 hilo

198 3199 200 3202 ¹
236 3114 410 3207 opposito
449 3136 562 3208 saepe
600 3116 845 3205 tuberculato,
879 3115 995 3188 odore
1037 3120 1074 3188 et
1108 3136 1244 3207 sapore
1279 3116 1437 3197 omnino,

234 3242 440 3330 differente,
452 3242 556 3314 haud
571 3242 757 3330 anisace0‚
770 3243 838 3315 sed
852 3243 914 3315 iiio
929 3243 1106 3337 peculiari
1127 3242 1343 3330 aromatico,
1361 3242 1434 3316 hoc

237 3369 399 3461 primurn
418 3369 627 3457 aeri-acido,
648 3375 730 3443 tum
749 3371 962 3459 aromatico,
982 3370 1143 3464 denique
1164 3392 1306 3443 amaro.

318 3571 319 3576 i
350 3497 426 3570 100
446 3502 572 3590 partes
587 3498 807 3570 combustae
822 3499 971 3591 neptus
987 3519 1102 3592 quam
1116 3503 1241 3591 partes
1258 3499 1281 3571 5
1302 3471 1448 3570 cineris

237 3623 460 3716 relinquant

483 3911 712 4044 Fructus
750 3910 904 4044 Anisi
940 3910 1198 4082 vulgaris.

348 4147 569 4244 Pimpinella
604 4149 756 4222 Antrum
792 4150 840 4236 L„
881 4151 1012 4244 planta
1044 4171 1170 4224 annua
1207 4151 1247 4223 in
1283 4151 1436 4241 regione

241 4276 515 4350 mediterranea
536 4276 705 4350 orientali
734 4281 957 4370 spontanea,
983 4276 1023 4350 in
1037 4276 1188 4370 Europa
1202 4277 1436 4351 meridionali

241 4404 350 4477 culta.

351 4528 611 4624 Schizocarpia
624 4530 736 4622 plane
755 4534 904 4604 matura
917 4530 1056 4604 siccata
1070 4530 1272 4625 piriiormia
1286 4552 1310 4605 a
1322 4532 1440 4606 latere

242 4657 544 4750 subcompressa‚
579 4658 685 4731 4-5
706 4657 916 4731 millimetra
944 4658 1066 4750 longa,
1096 4660 1226 4734 setulis
1246 4660 1438 4751 adpressis
