3725 5400
915 482 1151 556 -164-

658 822 807 957 llolia
836 822 1086 958 llentbac
1117 822 1396 995 piperitao.

542 1080 688 1156 Mentha
726 1082 890 1179 piper-ita
936 1081 985 1173 L7
1030 1085 1158 1177 planta
1195 1083 1371 1176 perennis
1409 1084 1553 1177 passim
1588 1084 1627 1157 in

433 1210 551 1283 bortis
571 1210 680 1284 culta
1520 1284 1523 1291 ,

541 1337 644 1412 Folia
657 1338 834 1431 petiolata
851 1337 987 1431 petiolo
1004 1339 1027 1411 8
1044 1337 1092 1411 ad
1106 1339 1154 1411 10
1170 1338 1382 1413 millimetra
1395 1339 1521 1429 longo,
1538 1359 1626 1412 ova·

431 1464 649 1557 tooblonga
662 1464 722 1538 vel
736 1463 1134 1556 oblongo-lanceolata,
1156 1469 1276 1553 acuta,
1293 1465 1376 1538 basi
1392 1465 1430 1538 in
1445 1466 1627 1559 petiolum

431 1596 633 1677 contracta,
666 1591 909 1685 inaequaliter
928 1596 1058 1684 argute
1082 1597 1237 1680 serrata,
1268 1613 1430 1684 superne
1456 1597 1623 1666 saturate

431 1718 571 1807 viridia,
605 1720 740 1793 subtus
772 1718 977 1812 pallidiora,
1010 1720 1197 1812 utrimque
1227 1721 1356 1812 glabra
1392 1719 1452 1793 vel
1486 1721 1625 1793 solum·

431 1846 545 1921 modo
570 1846 618 1919 ad
636 1867 774 1920 nervos
793 1846 1047 1939 pubescentia,
1081 1847 1314 1939 glandulosa,
1346 1847 1472 1921 nervis
1493 1867 1624 1920 secun·

430 1974 543 2047 dariis
587 1974 758 2065 arcuum,
797 1972 922 2047 odoris
965 1974 1175 2066 fragrantis,
1220 1975 1416 2048 masticata
1456 1975 1620 2068 primum

429 2101 575 2190 calon's,
595 2101 682 2175 dein
695 2100 842 2193 frigoris
857 2121 1015 2175 sensum
1032 2101 1150 2175 inore
1170 2106 1207 2175 et
1220 2101 1393 2174 faucibus
1414 2102 1621 2191 excitantia,

429 2251 449 2302 e
474 2229 588 2321 stirpe
612 2228 833 2301 florescente
862 2227 1039 2322 decerpta
1067 2227 1244 2301 siccanda
1271 2250 1342 2302 nec
1360 2228 1459 2301 ultra
1478 2248 1620 2301 annum

430 2355 625 2429 servanda

537 2481 798 2575 Exploratione
845 2482 1113 2573 microscopica
1154 2481 1416 2555 observantur:
1464 2481 1626 2555 cellulae·
1776 2537 1778 2540 a

429 2608 667 2703 epiderrnidis
722 2608 1129 2697 undulato·sinuatae;
1188 2613 1351 2714 stomata
1396 2609 1435 2681 in
1484 2609 1624 2703 pagina

429 2738 601 2811 inferiore
626 2736 702 2810 lolii
719 2736 1023 2829 frequentissima
1047 2736 1195 2829 singula
1226 2738 1447 2830 plerumque
1481 2737 1622 2812 cellulis

432 2865 454 2936 l
506 2863 727 2937 accessoriis
764 2863 962 2950 instructa;
1014 2863 1077 2956 pili
1123 2863 1304 2937 rarissimi
1349 2865 1537 2955 longiores
1586 2870 1624 2939 et

430 2992 562 3065 breves
594 2990 886 3084 plun'cellulares
916 2991 1070 3083 collapsi
1095 2992 1327 3065 verruculosi
1355 2997 1420 3065 aut
1448 2992 1622 3080 striatuli;

428 3119 490 3210 pili
510 3119 659 3211 capitati
681 3118 787 3217 parvi
813 3117 1025 3211 pedunculo
1046 3124 1083 3191 et
1103 3119 1265 3212 capitulo
1297 3117 1530 3193 unicellulari
1548 3118 1622 3192 boc

428 3246 526 3319 ovali
545 3251 611 3319 aut
638 3246 796 3337 globoso
823 3267 990 3320 necnon
1018 3245 1217 3336 glandulae
1237 3245 1406 3319 bullosae
1435 3245 1622 3335 oleiierae,

428 3374 648 3466 plerumque
682 3370 933 3463 subglobosae
967 3372 1109 3446 cellulis
1145 3372 1354 3446 secretoriis
1386 3374 1409 3444 8
1442 3372 1481 3445 in
1510 3373 1622 3454 ,verti-

427 3501 512 3573 cillo
538 3506 575 3573 et
600 3500 788 3574 interdum
816 3498 997 3592 crystallis
1017 3499 1199 3573 mantholi
1226 3499 1265 3572 in
1289 3519 1381 3571 cavo
1411 3500 1625 3574 secretorio.

427 3628 703 3721 Mesopbyllum
725 3626 993 3700 dorsivenlrale
1018 3632 1120 3700 caret
1144 3626 1328 3718 crystallis
1353 3627 1456 3700 calcii
1475 3627 1619 3701 oxalici.

541 3756 616 3828 100
634 3759 761 3848 partes
789 3755 923 3828 mercis
951 3775 999 3827 ne
1023 3753 1110 3847 plus
1131 3774 1246 3846 quam
1264 3758 1392 3846 partes
1418 3750 1621 3828 tacueris

427 3882 638 3958 exhibeant

535 4010 588 4084 Ne
612 4012 888 4083 commutentur
905 4008 1003 4082 loliis
1028 4008 1185 4081 aliarum
1203 4006 1376 4081 Mentbae
1405 4008 1618 4100 specierum

427 4136 530 4228 apud
568 4156 640 4209 nos
691 4134 952 4226 indigenarum
989 4139 1055 4208 aut
1107 4134 1146 4207 in
1178 4133 1297 4206 hortis
1332 4134 1518 4209 cultarum
1550 4137 1619 4209 sed

425 4264 563 4337 diversi
592 4262 719 4336 odoris
749 4267 786 4336 et
804 4263 951 4356 saporis
979 4266 1022 4334 ut
1044 4261 1143 4334 foliis
1164 4260 1361 4335 sessilibus
1382 4266 1449 4335 aut
1467 4262 1621 4336 subses-

424 4391 557 4463 silibus
576 4389 787 4464 notabiliter
803 4389 899 4463 laete
918 4388 1098 4462 viridibus
1118 4385 1279 4460 Menttoe
1303 4386 1430 4461 viridis
1449 4388 1531 4482 (L),
1558 4396 1624 4464 aut

423 4519 521 4593 foliis
536 4518 732 4592 sessilibus
742 4518 876 4592 subtus
890 4515 1072 4610 imprimis
1083 4515 1447 4590 albidotomentosis
1460 4516 1621 4591 Menttae

423 4643 595 4719 silvestris
614 4643 693 4744 (Li.
