3725 5400
722 484 964 557 —3i5—

358 704 435 777 100
457 708 583 797 partes
607 701 771 777 Resinae
790 723 838 775 ne
861 703 947 795 plus
968 724 1082 794 quam
1097 708 1242 797 partem
1266 704 1282 776 1
1306 704 1441 780 cineris

244 833 469 925 relinquant.

470 1082 798 1220 Resina⁸
833 1082 1212 1217 lampae.

244 1284 320 1379 Rp:
354 1289 488 1359 Radiois
506 1289 640 1377 lalapae
659 1299 714 1368 (lit
1166 1292 1306 1383 partem
1419 1288 1437 1360 1

355 1416 500 1505 Spiritus
518 1417 595 1486 Vini
1168 1420 1292 1510 partes
1402 1416 1441 1490 t.

318 1540 450 1632 Digere
479 1540 631 1634 saepius
661 1539 837 1631 agitando
870 1561 938 1633 per
965 1539 1133 1632 biduum,
1161 1545 1244 1615 tum
1276 1541 1441 1636 exprime

246 1671 284 1741 et
301 1668 573 1741 remanentiam
593 1668 718 1741 denuo
739 1667 865 1758 digere
886 1688 974 1740 eum

356 1797 500 1885 Spiritus
518 1797 595 1867 Vini
1126 1792 1293 1891 partibus
1404 1797 1441 1870 2.

327 1921 509 2014 Liquores
540 1920 761 1993 commixtos
791 1925 828 1994 et
854 1921 1012 1994 filtratos
1040 1921 1168 2014 ingere
1196 1922 1235 1995 in
1263 1927 1443 1997 retortam

245 2054 284 2123 et
302 2047 430 2122 addita
449 2048 597 2141 aequali
618 2048 823 2140 quantitate
853 2069 974 2141 aquae
1002 2049 1042 2121 in
1070 2048 1206 2123 balneo
1236 2071 1357 2142 aquae
1378 2049 1441 2124 de·

245 2174 421 2251 stillando
440 2175 558 2249 libera
576 2197 600 2248 a
618 2175 749 2270 spiritu
768 2175 853 2248 vini.
1215 2185 1218 2194 ’

329 2304 512 2377 Resinam
535 2308 719 2377 secretam
748 2324 884 2395 separa
912 2308 950 2377 et
968 2303 1050 2378 elue
1072 2326 1171 2397 aqua
1188 2305 1332 2380 fervida
1349 2311 1443 2380 tam·

247 2431 324 2520 diu,
346 2430 467 2504 donee
487 2452 587 2524 aqua
606 2430 758 2504 decolor
777 2429 920 2503 evadat
962 2431 1059 2504 Tum
1079 2433 1227 2506 exsicca
1246 2434 1384 2527 optime
1403 2433 1443 2507 in

247 2558 384 2632 balneo
404 2578 536 2650 aquae.

352 2685 480 2758 Massa
511 2685 685 2759 resinosa
703 2685 855 2778 fragilis,
881 2686 1066 2760 fracturae
1087 2687 1332 2781 splendentis,
1357 2688 1442 2762 fria·

244 2813 341 2902 bilis,
383 2813 519 2886 coloris
557 2814 665 2903 fusci,
694 2813 862 2905 margine
901 2813 1101 2907 diaphana‚
1150 2814 1277 2890 odoris
1307 2815 1440 2890 debilis

244 2940 443 3036 peculiaris
449 2963 457 3029 ;
473 2942 641 3014 solvatur
654 2941 762 3014 facile
777 2940 817 3012 in
831 2940 1058 3033 spirituum,
1074 2964 1210 3035 parum
1223 2943 1263 3016 in
1277 2943 1441 3033 aethere,

245 3070 349 3143 haud
363 3071 403 3143 in
418 3072 606 3145 carboneo
622 3072 816 3146 sulfurato,
837 3072 890 3145 Ne
911 3073 1125 3145 colorentur
1138 3075 1265 3165 partes
1283 3074 1304 3144 5
1322 3091 1443 3164 aquae

246 3197 448 3271 calefactae
469 3219 556 3271 cum
574 3204 679 3292 parte
704 3200 720 3270 1
746 3199 910 3271 Resinae
929 3198 1087 3291 Ialapae.

355 3324 398 3397 in
424 3326 560 3417 lagena
588 3330 675 3419 apta
702 3347 770 3418 per
796 3325 945 3416 longius
974 3330 1124 3419 tempus
1154 3325 1334 3398 calefacta
1357 3344 1445 3397 oum

246 3453 419 3545 partibus
440 3453 463 3525 5
485 3454 696 3526 ammoniae
726 3452 868 3526 Resina
887 3452 1115 3527 solutionem
1133 3452 1321 3547 praebeat,
1348 3473 1444 3544 quae

245 3580 464 3671 refrigerata
500 3602 571 3654 nec
603 3580 643 3652 in
676 3580 877 3672 gelatinam
905 3579 1024 3670 abeat,
1057 3601 1128 3653 nec
1161 3583 1446 3674 supersuturata

247 3706 355 3780 acido
371 3708 512 3781 acetico
528 3706 719 3781 evidenter
732 3706 912 3782 turbetur.
931 3707 985 3780 Ne
1001 3708 1122 3781 solvat
1137 3706 1446 3781 chioroformium

247 3835 333 3927 plus
353 3833 517 3907 Resinae
536 3834 684 3929 lalapae
705 3855 820 3927 quam
839 3839 965 3926 partes
986 3833 1211 3908 centesimas
1235 3833 1293 3906 10.

631 4156 831 4292 Resina
859 4156 1075 4291 Mastia

360 4394 518 4469 Pistacio
541 4394 724 4468 Lentiscus
756 4395 806 4485 L.‚
842 4396 955 4469 arhor
977 4396 1016 4469 in
1039 4396 1165 4469 insula
1195 4389 1312 4468 Chios
1338 4395 1447 4468 culta

362 4523 506 4597 Soccus
525 4524 722 4597 resinosus
743 4544 763 4596 e
782 4524 926 4596 truncis
946 4522 1152 4596 vulneratis
1172 4521 1331 4595 effluens
1361 4527 1447 4594 atre

250 4650 459 4741 induratus
479 4650 712 4742 sistitgrana
730 4652 952 4743 plerumque
972 4649 1130 4742 globosa
1150 4654 1187 4724 et
1205 4646 1448 4740 subgiobosa,
