3725 5400
733 518 970 590 -131-

449 732 760 868 Extractum
795 731 944 865 Pomi
980 730 1256 866 ferratum.

567 957 816 1039 Extractum
832 957 995 1038 Malatis
1016 956 1142 1036 Ferri.

253 1114 335 1209 Rp:
364 1119 462 1191 Sucol
478 1119 650 1191 Pomorum
669 1119 876 1192 acidulorum
888 1122 1096 1192 maturarum
1188 1121 1315 1213 partes
1373 1118 1449 1191 100

361 1246 458 1318 Ferrl
475 1247 648 1337 pulveratl
1189 1251 1314 1340 partes
1409 1244 1447 1318 5.

327 1371 475 1466 Sepone
489 1393 558 1466 per
566 1372 725 1447 biduum
734 1376 989 1466 temperatura
1007 1370 1207 1462 ordinaria,
1223 1374 1305 1446 tum
1324 1370 1448 1465 digere

253 1501 507 1592 temperatura
563 1499 638 1573 500
686 1499 791 1574 haud
853 1503 1055 1594 superante
1096 1498 1242 1573 tamdiu
1287 1498 1448 1573 evolutio

254 1624 355 1716 gasts
375 1627 607 1700 observatur.
638 1625 737 1701 Tum
763 1626 949 1721 liquorem
977 1625 1060 1700 cola
1085 1630 1122 1701 et
1154 1625 1204 1699 ad
1221 1624 1341 1700 mellis
1362 1646 1449 1699 con·

253 1751 463 1826 sistentiam
481 1773 659 1847 evapora.

361 1881 467 1954 liuius
484 1882 640 1954 listram
1171 1885 1313 1975 partem
1427 1880 1443 1951 1

326 2007 430 2081 solve
448 2006 489 2080 in

361 2138 474 2225 Aquae
1143 2130 1313 2231 partibus
1410 2135 1446 2209 3.

327 2261 487 2356 Sepone,
501 2262 601 2336 filtra
619 2266 657 2336 et
683 2262 864 2337 filtratum
882 2263 923 2337 in
941 2263 1078 2337 balneo
1098 2283 1219 2355 aquae
1249 2261 1298 2335 ad
1325 2261 1447 2336 consi-

253 2388 430 2463 stentiam
449 2389 602 2464 extracti
620 2388 736 2483 spissi
755 2411 929 2484 evapora.

362 2516 579 2590 Extractum
596 2516 704 2590 Pomi
722 2517 902 2591 ferratum
930 2515 979 2590 sit
1005 2514 1142 2590 coloris
1171 2537 1192 2589 e
1214 2516 1322 2590 viridi
1339 2517 1446 2611 nigri,

253 2643 332 2718 fere
350 2643 501 2739 limpide
521 2642 680 2719 solubile
698 2643 739 2719 in
757 2665 867 2738 aqua
879 2643 1027 2739 saporis
1038 2642 1162 2720 acerbi
1181 2642 1447 2739 adstringentis
1534 2617 1542 2629 ’

255 2792 343 2846 cum
361 2770 487 2865 aliqum
504 2772 713 2866 dulcedine,
733 2770 837 2847 haud
856 2771 965 2846 acris,

364 2898 562 2973 Contineat
587 2898 628 2972 in
654 2900 824 2993 partibus
858 2900 934 2974 100
952 2898 1104 2973 minime
1132 2904 1259 2993 partes
1298 2899 1322 2973 5
1350 2899 1448 2972 ferri.

256 3025 444 3101 Comhure
473 3029 681 3119 grammata
715 3027 738 3100 l
767 3026 930 3100 Extracti
966 3027 1074 3101 Pomi
1108 3026 1236 3100 ferrati
1270 3025 1311 3101 in
1347 3025 1448 3100 fictili

254 3154 512 3247 porcellane03
551 3152 716 3228 cinerem
753 3155 951 3228 obtentum
982 3153 1090 3228 acido
1127 3153 1259 3228 nitrico
1296 3154 1448 3247 saepius

252 3282 507 3356 madefactum
543 3285 582 3356 et
615 3280 752 3355 iterum
786 3280 946 3374 ignitum
993 3281 1145 3355 extrahe
1176 3281 1283 3356 acido
1310 3281 1448 3374 hydro·

254 3408 417 3482 chlorico
436 3407 792 3502 fervid0;liquorem
810 3409 1069 3501 refrigeratum
1078 3409 1178 3483 filtra
1186 3408 1224 3482 in
1234 3408 1450 3502 lagenulam

255 3534 451 3629 epistomio
468 3534 586 3609 vitreo
607 3540 801 3626 armatam,
840 3535 939 3609 adde
958 3541 1167 3629 grammata
1187 3536 1210 3609 l
1229 3535 1317 3609 kalii
1333 3535 1448 3610 iodati

254 3667 292 3736 et
308 3682 451 3756 sepone
469 3684 539 3756 per
555 3664 702 3737 horam.
722 3662 773 3738 Ut
798 3662 930 3737 iodum
957 3684 1060 3738 nunc
1082 3638 1241 3738 liberum
1259 3663 1446 3755 iungatur,

253 3788 406 3863 minime
425 3790 643 3865 centimetra
661 3789 795 3864 cubica
818 3791 864 3863 18
884 3789 1083 3865 solutionis
1111 3789 1221 3864 natrii
1247 3790 1445 3864 thiosulfu·

253 3916 319 3989 rici
337 3916 598 3991 deoinormalis
618 3922 902 3991 consumantur.

525 4205 837 4340 Extinctum
876 4203 1151 4351 classico.

254 4426 333 4519 Rp:
362 4428 462 4517 Idgnl
479 4429 641 4511 (luteciae
661 4438 707 4510 (11)
1189 4430 1312 4521 partes
1385 4426 1446 4498 10.

325 4553 475 4627 Macera
493 4574 562 4647 per
578 4553 694 4627 horas
719 4553 766 4627 lt
786 4574 872 4627 cum

361 4683 474 4771 Aquae
1141 4675 1310 4774 pactibus
1379 4680 1443 4753 50.

1194 4815 1228 4872 9*
