3725 5400
903 486 1146 559 -286-

472 701 744 838 Plunbon
772 700 1032 835 acobcon
1067 699 1303 835 basium
1331 698 1574 834 column.

425 942 504 1037 Rp:
537 944 668 1016 Plunbl
687 944 808 1016 aeno
1363 943 1486 1034 portes
1570 936 1621 1009 30

533 1071 662 1143 rimu
681 1071 822 1161 oxydall
841 1079 885 1150 (V)
1363 1070 1486 1161 parter
1573 1065 1622 1137 10

534 1200 647 1288 Aquae
665 1190 825 1292 sorellae!
1367 1199 1487 1289 portes
1533 1191 1620 1264 100.

426 1323 586 1398 Contere
624 1330 663 1398 et
698 1324 732 1398 si
768 1345 865 1418 opus
898 1323 1010 1398 fuerit
1042 1322 1182 1396 calefac
1214 1321 1377 1411 tamdiu,
1415 1325 1458 1394 ut
1495 1318 1622 1392 mixtio
1754 1342 1757 1346 ’

426 1452 592 1525 colorem
623 1452 786 1525 lacteum
819 1450 1014 1546 acceperit
1053 1450 1152 1524 'lum
1184 1448 1448 1523 substituendo
1485 1467 1624 1542 aquarn

426 1584 669 1673 evaporatam
688 1599 830 1672 sepone
850 1583 888 1652 et
903 1577 1090 1671 liquidnm
1107 1577 1215 1650 filtra

537 1705 593 1779 Sit
618 1705 741 1798 liquor
763 1705 940 1799 limmdus
967 1705 1121 1779 decolor
1139 1708 1204 1778 aut
1223 1703 1383 1777 maxime
1405 1677 1624 1797 subopales

428 1852 531 1923 cens,
551 1832 750 1906 reactionis
770 1833 961 1923 amelinae,
987 1831 1167 1927 ponderis
1186 1830 1352 1925 specifici
1374 1827 1624 1903 lua-lue.

535 1960 675 2034 Addlto
716 1960 816 2034 ferro
859 1960 1158 2053 sesqulcblorato
1205 1959 1329 2032 soluto
1372 1956 1625 2031 sedimentum

428 2087 556 2161 album
575 2087 748 2183 deponat,
767 2087 891 2180 liquor
909 2089 1075 2161 colorem
1093 2086 1249 2160 rubrum
1268 2086 1400 2158 trahat.

539 2215 695 2289 Adiecta
732 2215 922 2288 ammonia
958 2213 1174 2289 abundante
1211 2212 1411 2286 Plumbum
1444 2211 1626 2285 aceticum

429 2341 603 2416 basicnm
623 2343 790 2416 solutum
808 2341 983 2416 filtrando
1001 2341 1188 2434 liquorem
1208 2339 1422 2414 decolorem
1440 2338 1625 2414 exhibeat

703 2657 976 2799 Plumbum
1013 2661 1363 2899 sorbonicum.

934 2869 1120 2952 Cerussa.

539 3048 665 3122 Pulvis
684 3047 923 3142 ponderosus
950 3048 1178 3137 albissimus,
1207 3047 1315 3120 valde
1336 3046 1556 3140 depingens
1589 3046 1628 3119 in

432 3198 533 3269 aqua
550 3175 774 3263 insolubilis;
800 3176 839 3249 in
867 3175 975 3248 acido
1005 3176 1145 3249 acetico
1170 3174 1247 3247 sive
1267 3174 1398 3247 nitrico
1419 3173 1536 3247 diluto
1556 3173 1627 3247 sub

433 3305 716 3378 effervescentia
752 3305 918 3378 solvitur.
962 3304 1104 3378 Solutio
1143 3304 1296 3377 obtenta
1331 3302 1452 3376 natrio
1489 3302 1628 3395 hydro·

432 3430 595 3524 oxydato
629 3432 754 3505 soluto
788 3431 1071 3525 praecipitatum
1104 3431 1242 3519 album,
1281 3430 1321 3502 in
1354 3430 1435 3503 eius
1469 3450 1630 3502 excessu

433 3558 591 3633 solubile
611 3559 733 3649 efficit,
759 3581 858 3652 aqua
875 3559 1183 3650 hydrosulfurata
1200 3558 1358 3649 nigrum,
1384 3556 1493 3631 acido
1513 3557 1630 3629 sulfu-

433 3686 510 3758 rico
531 3685 647 3759 diluto
670 3686 797 3758 album
816 3685 1069 3758 sedimentum
1089 3684 1253 3757 demittit

542 3811 722 3886 Gramma
739 3811 886 3884 Plumbi
905 3811 1094 3884 sarbonici
1115 3812 1155 3883 in
1183 3812 1409 3885 centimetn's
1443 3810 1584 3884 cubicis
1605 3809 1627 3882 i

434 3939 530 4013 acidi
556 3939 677 4013 uitrici
705 3946 743 4013 et
769 3941 794 4012 4
824 3961 943 4031 aquae
973 3940 1140 4012 solutum
1167 3960 1215 4012 ne
1253 3940 1338 4032 plus
1373 3960 1489 4031 quarn
1517 3937 1629 4011 centi-

435 4087 604 4157 gramma
630 4067 772 4140 residui
798 4067 998 4159 relinquat;
1028 4066 1164 4139 solutio
1194 4065 1346 4139 obtenta
1375 4087 1465 4157 gase
1494 4064 1631 4156 hydro·

435 4194 618 4268 sulfurato
640 4194 855 4267 abundante
870 4192 1111 4287 praecipitata
1124 4193 1302 4266 filtratum
1316 4192 1506 4287 praebeat,
1527 4190 1631 4285 quod

379 4418 383 4429 Ι
436 4322 676 4414 evaporando
696 4321 891 4395 residuum
910 4320 1152 4414 ponderabile
1172 4342 1220 4393 ne
1239 4320 1434 4412 relinquat

543 4448 704 4540 Ignitum
746 4448 942 4520 minimum
988 4452 1115 4540 partos
1149 4446 1200 4520 85
1234 4447 1376 4540 plumbi
1419 4446 1573 4539 oxydati
1611 4467 1631 4519 e

440 4576 515 4648 100
535 4575 704 4668 partibus
724 4575 918 4667 relinquat.
