3725 5400
901 447 1137 522 -166-

532 666 610 740 Sub
620 665 756 739 florum
766 664 912 740 anthesi
923 664 1131 758 colligenda
1149 671 1186 740 et
1205 666 1342 740 siccata
1357 664 1613 739 adhibeantur.

536 795 611 866 100
636 797 760 885 partes
788 792 923 867 mercis
951 814 999 867 ue
1017 793 1104 886 plus
1125 814 1239 887 quam
1261 798 1387 888 partes
1416 790 1615 866 lirinens

423 921 645 1014 relinquant

817 1281 966 1416 lolia
997 1279 1221 1416 Sennea

536 1521 662 1596 Cassia
694 1519 928 1620 anqustifoliu
947 1518 1069 1613 Vahl,
1102 1520 1224 1595 frutex
1258 1519 1297 1594 in
1324 1517 1429 1594 India
1448 1518 1616 1592 orientali

422 1652 545 1727 cultus
565 1651 661 1725 soliis
682 1649 936 1744 paripinnalis.

530 1778 673 1852 Foliola
692 1778 839 1865 siccata,
857 1775 928 1848 snb
950 1775 1099 1848 nomine
1119 1772 1253 1848 Senecae
1268 1770 1412 1847 Indicae
1431 1772 1472 1845 de
1490 1770 1614 1845 Tiane·

424 1902 511 2003 velly
530 1905 566 1978 iu
586 1911 798 1979 mercatura
820 1903 1065 1991 occurrentia,
1087 1903 1245 1976 breviter
1262 1902 1449 1996 petiolata
1468 1902 1614 1974 lancee-

421 2034 499 2106 lata
526 2033 585 2107 vel
612 2031 976 2119 lineari-lanceolata,
996 2028 1079 2102 basi
1102 2024 1325 2123 inaequalia,
1347 2028 1449 2121 apice
1469 2049 1614 2101 mucro·

422 2164 522 2250 nata,
533 2159 781 2253 integerrima,
793 2178 914 2250 usque
930 2158 980 2231 ad
995 2158 1019 2230 6
1035 2157 1384 2247 centimetralonga‚
1397 2153 1524 2246 rigida,
1537 2155 1613 2229 iere

422 2288 721 2375 membranacea,
769 2285 864 2358 laete
898 2283 1038 2373 viridia,
1091 2283 1295 2376 subglabra
1341 2282 1425 2375 pilis
1473 2282 1615 2375 sparsis

422 2413 548 2507 parvis
569 2414 688 2487 acutis
706 2412 1011 2486 unicellularibus
1035 2410 1255 2485 membrana
1275 2409 1495 2498 incrassata,
1523 2409 1612 2482 euti·

422 2542 507 2615 cula
535 2563 665 2634 grosse
702 2562 906 2615 verrucosa
932 2540 1134 2628 instructis
1173 2559 1288 2612 nervo
1316 2537 1492 2631 primario
1530 2536 1615 2609 soli·

423 2669 528 2760 taric,
550 2689 686 2743 nervos
707 2668 951 2744 secundarios
971 2671 1145 2741 arcuatos
1165 2667 1364 2741 emittente.

529 2796 572 2870 In
585 2797 820 2890 mesopbyllo
836 2796 998 2870 eenlu'co
1014 2794 1140 2869 stratis
1158 2816 1179 2867 e
1200 2792 1340 2867 cellulis
1354 2791 1612 2885 paliformibus

420 2926 615 3019 superiore
634 2930 671 2998 et
693 2924 865 2998 inferiore
886 2924 1133 2997 observantur
1165 2920 1327 3015 crystalli
1355 2919 1458 2992 calcii
1481 2917 1613 2992 oxaliei

422 3057 459 3126 et
472 3053 639 3126 stellatae
660 3057 696 3125 et
711 3051 908 3143 simplices
925 3051 1019 3124 haec
1034 3048 1253 3143 praesertim
1272 3038 1314 3120 in.
1324 3047 1427 3120 fibris
1442 3044 1611 3119 loculatis

421 3179 607 3264 fasciculis
621 3200 800 3252 vasorum
815 3183 914 3251 arete
929 3176 1112 3250 adiunctis
1127 3196 1289 3249 necnon
1304 3174 1457 3248 cellulae
1473 3172 1612 3267 epider·

420 3306 531 3379 nidis
550 3306 771 3399 polygonae,
792 3304 927 3398 partim
946 3302 1269 3396 mucilaginiierae

529 3433 658 3507 Partes
692 3433 768 3506 100
787 3432 977 3505 Foliorum
1001 3432 1148 3505 Sennae
1178 3451 1225 3502 ne
1245 3428 1330 3523 plus
1351 3448 1467 3521 quam
1485 3430 1610 3521 partes

425 3561 473 3632 10
493 3560 627 3634 cineris
647 3560 856 3633 exhibeant

637 3973 786 4109 lolia
814 3972 1024 4108 Sennea
1055 3975 1392 4142 praeparata.

741 4200 853 4280 Folia
871 4198 1028 4279 Sennae
1051 4196 1139 4277 sine
1161 4195 1307 4277 resina

417 4359 491 4454 Rp:
525 4363 691 4434 Foliorum
710 4363 839 4433 Sennea
857 4371 901 4440 (Π)
1351 4358 1471 4449 paries
1531 4354 1607 4427 100

528 4490 672 4580 spirltus
691 4490 766 4560 llinl
1352 4485 1475 4576 pares
1523 4481 1612 4554 500.

491 4615 638 4689 Macera
656 4613 917 4708 pertriduum,
939 4611 1103 4704 exprime
1124 4613 1160 4684 et
1179 4608 1287 4682 sicca.
