3725 5400
707 510 944 582 —293—

586 796 764 931 Radix
792 796 1069 932 Althaeae.

335 1054 493 1132 Aram
509 1053 695 1148 abactam
713 1055 816 1130 vide:
835 1054 945 1130 Folia
958 1054 1150 1130 Althaeae.
1223 1079 1226 1084 ·

335 1181 447 1259 ami
471 1181 607 1258 melicis
637 1181 798 1271 carnosi,
832 1181 978 1258 reiectis
1006 1181 1176 1275 partibus
1203 1182 1362 1275 lignosis
1390 1189 1427 1256 et

226 1309 385 1386 cannas
404 1330 428 1384 a
447 1308 572 1384 stratis
593 1308 837 1385 exterioribus
858 1309 1005 1384 corticis
1024 1308 1169 1385 liberati
1187 1314 1228 1384 et
1242 1309 1369 1387 siccati
1386 1310 1427 1382 in

225 1435 359 1512 tratetis
374 1435 499 1512 uariae
519 1435 799 1527 magnitudinis,
824 1437 981 1510 1-1-5
994 1436 1255 1512 centimetrum
1273 1438 1423 1527 crassis

226 1563 513 1657 subcylindricis
542 1567 608 1638 aut
628 1584 742 1657 saepe
762 1562 897 1637 obtuse
922 1563 1204 1656 quadrangulis,
1239 1564 1280 1640 iu
1297 1585 1425 1659 super·

225 1690 310 1766 licie
341 1690 469 1768 albida
492 1690 619 1784 parvis
649 1689 881 1766 cicatricibus
914 1689 1137 1766 fabrillnrum
1167 1690 1304 1768 radicis
1337 1691 1424 1768 sub

225 1817 344 1894 escis
368 1817 500 1894 absitis
530 1822 567 1892 et
593 1816 826 1892 tenuissimis
844 1816 949 1892 fibris
967 1816 1065 1906 libri,
1092 1817 1342 1896 mundatione
1366 1839 1424 1896 ra·

225 1943 319 2022 ann
339 1923 804 2034 solum‘suhmnentosis,
823 1943 863 2019 ru
881 1944 1050 2022 canona
1067 1944 1218 2020 mama
1233 1945 1422 2034 11111111,

225 2070 265 2146 in
291 2071 459 2148 fractura
483 2071 838 2165 fimoscmanulata
857 2071 967 2160 albis,
994 2071 1122 2148 1111111
1152 2071 1286 2150 debeis
1311 2093 1423 2170 pecu·

218 2197 340 2288 liaris,
357 2200 506 2293 saporis
523 2198 784 2291 mucilaginosi
803 2198 1038 2276 diuciusculi

333 2324 379 2402 lu
396 2326 564 2402 sectione
582 2330 800 2400 transversa
817 2325 911 2400 liber
938 2325 1200 2402 delicatissime
1223 2330 1261 2402 et
1280 2325 1423 2402 densis·

225 2451 334 2543 simn,
371 2452 517 2545 lignum
549 2454 717 2546 amplum
745 2455 908 2528 centrale
936 2453 1002 2529 vix
1030 2453 1223 2530 euidenter
1251 2452 1423 2530 radiatim

225 2578 409 2652 striatam.
897 2646 900 2650 .

337 2706 417 2801 Ope
437 2707 677 2802 microsenpii
695 2709 887 2801 explorata
904 2707 1030 2783 Radix
1057 2707 1197 2783 eminet
1212 2708 1316 2783 fibris
1340 2708 1424 2781 libri

225 2833 349 2927 longis
379 2838 416 2908 et
443 2835 613 2927 angustis
646 2834 792 2908 modice
821 2834 1040 2909 incrassatis
1068 2834 1108 2908 in
1139 2835 1329 2913 fasciculis
1356 2856 1425 2930 per

227 2960 509 3055 endcphlocum
532 2962 833 3037 transversaliter
855 2961 1059 3056 dispositis
1098 2962 1269 3037 utriculis
1300 2963 1423 3057 copio-

227 3087 388 3162 sissimis
402 3089 705 3181 mucilaginiferis
720 3110 791 3163 nec
801 3110 881 3163 non
891 3089 1032 3162 cellulis
1042 3089 1249 3182 permultis
1266 3089 1424 3183 sinatus

227 3216 444 3307 crystallum
468 3217 653 3290 stellatam
673 3217 776 3291 calcii
795 3216 930 3291 oxalici
941 3216 1219 3291 includentibus
1238 3217 1277 3289 in
1291 3238 1423 3310 paren·

227 3341 401 3434 chymate
427 3343 573 3416 corticis
601 3343 769 3437 lignique
800 3343 926 3436 amylo
956 3342 998 3416 in
1028 3342 1154 3435 granis
1194 3343 1423 3437 simplicibus

227 3473 406 3544 scatente.

335 3596 378 3670 ln
415 3602 626 3673 mercatura
661 3598 805 3691 vulgari
847 3596 1008 3671 occurrit
1044 3595 1166 3671 Radix
1203 3598 1424 3691 plerumque

227 3722 350 3799 scissa
367 3724 407 3798 in
425 3725 593 3801 frustulis
614 3725 879 3803 subcuboideis
900 3724 1113 3799 albissimis.

338 3850 435 3927 Cave
455 3873 503 3927 ne
523 3852 571 3925 sit
590 3851 777 3926 eiusmodi
803 3874 909 3926 merx
936 3857 1085 3925 vetusta
1104 3851 1219 3926 calcio
1244 3852 1423 3925 sulfurico

227 3982 314 4051 usto
335 3976 518 4067 dealbata,
540 3979 644 4072 quod
661 3978 768 4054 facile
798 3979 1099 4073 dignoscendum
1128 3979 1298 4053 examine
1329 3978 1425 4053 sedi·
1547 4042 1550 4071 ,

228 4105 345 4179 menti
362 4105 497 4179 mercis
518 4126 618 4200 aqua
635 4107 790 4179 lavatae.

341 4232 417 4304 100
436 4236 562 4325 partes
581 4232 715 4306 mercis
730 4254 780 4306 ne
794 4232 1007 4327 relinquant
1020 4233 1106 4326 plus
1127 4254 1243 4330 quam
1256 4233 1423 4327 pariesi

228 4357 363 4433 cineris
382 4379 484 4434 mere
504 4358 588 4432 albi.
