3725 5400
893 433 1134 506 -131-

417 649 617 724 secedente
664 649 905 744 praecipitato
954 652 1167 743 crystallino
1205 652 1485 747 scpouificatur.
1530 652 1612 727 Hoc

413 777 708 870 praecipitatum,
725 778 893 852 alcohole
913 779 1088 852 absoluto
1102 780 1222 853 lotum
1237 786 1275 853 el
1292 780 1485 869 siccatum,
1502 780 1610 855 acido

412 903 699 996 hydrochlorico
729 905 973 998 superfusum
1001 905 1073 979 sub
1093 907 1373 981 effervescentia
1391 908 1610 981 lreosotum

414 1031 582 1120 demittit,
632 1032 733 1125 quod
781 1052 871 1125 erga
915 1034 1108 1124 reagentia
1153 1054 1194 1107 se
1231 1034 1384 1124 habeat,
1425 1039 1468 1108 ui
1504 1055 1609 1129 pree·

413 1158 681 1251 scriptumest.
1062 1230 1066 1239 .

520 1283 682 1378 Ignitum
701 1286 898 1359 comburat
915 1286 1068 1360 residuo
1086 1287 1191 1361 nullo
1210 1288 1349 1362 relicto.

774 1465 1246 1577 mercium.

520 1647 650 1722 Masso
677 1670 698 1721 0
727 1649 910 1740 crystallis
940 1650 1187 1724 oricularibus
1216 1652 1426 1745 composita
1445 1651 1608 1739 decolor,

412 1780 580 1869 tempore
608 1775 817 1850 flavescens
849 1777 909 1850 vel
941 1776 1172 1868 increscens,
1201 1779 1401 1852 reectionis
1426 1778 1607 1866 neutrius

414 1901 541 1976 odoris
569 1902 781 1996 peculiaris
811 1903 991 1993 censilem
1026 1903 1246 1978 humiditate
1282 1910 1439 1990 attractu
1471 1905 1610 1978 diffluit.

412 2029 914 2121 Το111001011110180-30Ο
956 2032 1138 2124 liquescit,
1176 2054 1311 2107 versus
1342 2032 1605 2107 1871-189Ο

412 2157 551 2245 ebullit,
571 2156 726 2230 incensa
746 2156 926 2249 deflagrat
944 2159 1097 2232 residuo
1116 2160 1220 2231 nullo
1239 2159 1379 2234 relicto.

522 2283 684 2358 Solvitur
714 2286 752 2356 in
787 2285 837 2358 38
870 2285 1040 2378 partibus
1074 2307 1195 2379 aquae
1227 2286 1395 2379 frigidae,
1429 2285 1537 2359 facile
1569 2285 1609 2358 in

412 2412 545 2506 spiritu
563 2412 649 2502 vini,
672 2413 822 2485 aethere
843 2417 881 2485 et
899 2412 1086 2505 glycerino
1105 2434 1273 2487 necnon
1297 2415 1335 2486 in
1355 2413 1452 2487 110110
1471 2412 1608 2504 hydro-

414 2540 575 2631 oxydeto
595 2539 673 2612 sive
692 2540 813 2612 natrio
833 2540 1121 2632 hydrooxydeto
1142 2540 1279 2614 soluto.

523 2664 665 2740 Solutio
686 2688 832 2760 aquosa
864 2666 1010 2741 Kresoli
1037 2668 1136 2742 ferro
1166 2668 1463 2761 sesquichloralo
1483 2667 1608 2742 soluto

413 2794 540 2867 addito
584 2796 750 2868 colorem
776 2794 898 2887 primo
928 2795 1153 2884 caeruleum,
1183 2801 1271 2888 post
1298 2795 1453 2869 viridem
1480 2795 1609 2868 induit

412 2922 593 2995 Bromum
620 2922 660 2994 in
689 2943 789 3014 aqua
812 2922 979 2995 solutum
1005 2922 1045 2995 in
1073 2923 1259 2996 solutione
1289 2943 1436 3016 aquosa
1463 2922 1608 2996 Kresoli

413 3048 662 3123 sedimentum
682 3049 810 3121 album
829 3050 1076 3122 flocculosum
1096 3049 1220 3122 efficit.

486 3225 938 3339 urecolum
965 3227 1534 3365 liquefactum.

411 3409 490 3504 Rp:
519 3413 652 3484 Kresoli
1360 3418 1486 3507 partes
1518 3413 1594 3485 100

520 3542 634 3627 Aquae
1369 3544 1488 3633 partes
1548 3540 1607 3612 10.

494 3663 752 3738 Calefaciendo
771 3665 899 3739 misce.

521 3790 660 3883 Liquor
688 3791 864 3883 limpidus
894 3792 1066 3882 oleosuS,
1097 3792 1297 3866 Kresolum
1325 3792 1519 3882 redolens,
1544 3791 1609 3884 qui

415 3938 505 4010 erga
523 3918 714 4008 reegentia
734 3939 776 3990 se
795 3917 935 3991 habeat
952 3925 995 3993 ut
1018 3919 1227 3993 Kresolum.

740 4115 942 4248 lichen
961 4115 1279 4251 101110111οι10.

526 4333 685 4407 Cetroric
703 4333 884 4409 islandicc
903 4335 1137 4426 1101101100,
1167 4338 1206 4410 in
1225 4337 1548 4431 Europa-boreali,
1568 4340 1608 4411 in

411 4462 603 4536 montibus
633 4463 854 4536 celsioribus
884 4462 1056 4556 Europae
1085 4465 1230 4538 mediae
1262 4470 1298 4539 et
1326 4467 1501 4540 australis
1527 4487 1607 4560 gre·

411 4589 525 4680 goiim
544 4589 593 4662 ad
613 4593 751 4662 terram
769 4610 945 4663 nascens.
