3725 5400
446 920 745 1094 Argentum
771 920 1021 1055 nitricun
1050 959 1167 1055 cun
1195 918 1350 1053 llalio
1376 918 1585 1055 uitrico.

420 1197 499 1290 Rp:
529 1200 668 1288 Argenti
686 1199 803 1270 ultrici
1335 1200 1478 1290 portem
1590 1196 1607 1268 1

528 1324 622 1396 lloltl
640 1325 755 1396 ultrici
1025 1374 1030 1397 ,
1353 1327 1479 1418 partes
1574 1322 1609 1396 2.

527 1450 658 1523 lntime
695 1449 832 1523 mixtas
872 1451 1027 1525 invase
1056 1452 1293 1544 porcellaneo
1314 1456 1421 1524 caute
1449 1449 1611 1544 liquatae

418 1577 458 1651 in
475 1577 695 1651 bacillorum
712 1578 874 1651 formam
892 1576 1019 1650 lunde.

526 1703 654 1777 Bacilli
672 1703 747 1777 albi
765 1704 873 1796 opaci
888 1704 982 1793 duri,
997 1704 1104 1777 fracti
1118 1709 1345 1778 structuram
1359 1705 1611 1796 crystallinam

418 1831 523 1905 haud
565 1830 784 1924 praebeant
836 1830 875 1904 in
913 1852 1013 1924 aqua
1051 1831 1245 1905 solvantur
1281 1830 1386 1904 facile
1423 1830 1611 1905 reactione

266 1957 270 1967 '
418 1962 560 2032 neutra.

528 2085 736 2160 Grammal
760 2085 914 2178 Argenti
932 2085 1055 2159 nitrici
1074 2108 1160 2159 cum
1174 2085 1279 2158 Kalio
1299 2083 1428 2158 uitrico
1447 2084 1550 2157 solve
1573 2083 1613 2156 in

419 2213 643 2286 centimetris
668 2212 808 2286 cubicis
838 2213 887 2285 10
913 2234 1045 2305 aquae,
1076 2212 1173 2286 adde
1197 2211 1374 2285 solutioni
1396 2211 1613 2285 centimetra

419 2340 550 2413 cubica
570 2340 621 2412 lu
641 2338 838 2412 solutionis
858 2340 971 2413 natrii
990 2339 1146 2413 chlorati
1160 2338 1420 2414 decinormalis
1436 2344 1473 2412 et
1487 2344 1612 2430 guttas

418 2467 620 2540 nonnullas
666 2466 863 2540 solutionis
909 2466 995 2539 kalii
1038 2466 1226 2557 chromici,
1287 2472 1368 2539 tum
1404 2464 1489 2539 titra
1526 2487 1612 2540 cum

419 2593 606 2666 solutione
635 2593 778 2684 argenti
796 2593 916 2666 nitrici
936 2594 1189 2668 decinormali.
1207 2592 1329 2667 Huius
1349 2593 1546 2666 solutionis
1561 2613 1608 2666 ne

419 2721 505 2814 plus
531 2742 645 2815 quam
668 2703 926 2795 centimetrum
950 2722 1124 2795 cubicum
1143 2725 1398 2809 consumatur,
1416 2725 1459 2795 ut
1477 2720 1613 2795 evadat

421 2848 525 2921 color
542 2848 697 2941 liquoris
715 2853 980 2943 permanenter
997 2850 1123 2923 ruber.

566 3211 1028 3341 Maenium
1065 3206 1468 3320 uitricum

854 3370 1166 3510 summ.

420 3611 500 3705 Rp:
531 3615 670 3703 Argenti
689 3615 805 3685 ultrici
824 3616 1050 3705 crystalllsott
1423 3635 1453 3708 q.
1472 3635 1502 3683 v.

529 3738 682 3812 Calefiat
712 3739 752 3811 in
783 3761 873 3813 vase
911 3741 1162 3833 porcellaneo,
1209 3739 1330 3813 donec
1371 3760 1498 3812 massa
1540 3739 1611 3813 olei

418 3866 538 3939 instar
569 3866 729 3955 fluxerit;
762 3866 856 3940 haec
894 3867 1109 3941 effundatur
1145 3866 1184 3939 in
1220 3866 1417 3940 modulum
1449 3868 1612 3939 l'erreum

419 3993 515 4067 bene
543 3993 766 4066 mundatum
796 4015 839 4068 ac
868 3996 1106 4088 tepefactum,
1137 3994 1200 4086 qui
1228 3993 1445 4068 bacillorum
1469 3994 1611 4066 formas

418 4092 542 4194 babet

526 4247 654 4319 Bacilli
666 4247 869 4340 refrigerati
884 4248 960 4321 sint
973 4249 1046 4321 albi
1060 4249 1119 4321 vel
1129 4249 1415 4336 cinerescentes,
1427 4248 1610 4320 fracturae

418 4374 582 4448 radiatae
617 4375 849 4467 crystallinae
883 4379 919 4448 et
955 4374 1058 4448 omni
1090 4376 1204 4448 modo
1233 4397 1323 4469 erga
1349 4374 1539 4467 reagentia
1567 4395 1609 4447 se

418 4501 595 4589 habeant,
615 4504 663 4574 ut
677 4506 874 4593 argentum
893 4501 1068 4574 uitricum
1088 4502 1386 4594 crystallisatum.

527 4629 703 4702 Servetur
722 4634 758 4702 et
778 4628 1017 4721 dispensetur
1036 4629 1074 4701 in
1093 4629 1191 4701 vasis
1210 4630 1283 4702 luci
1301 4627 1500 4723 imperviis
