3725 5400
910 464 1145 537 -ltd-

536 681 808 757 Medicamenta
845 683 1014 757 adbibita
1050 682 1125 756 sint
1159 680 1349 775 qualitatis
1377 683 1550 775 optimae,
1582 683 1622 756 in

426 810 580 904 pulvere
605 809 819 883 subtilitatis
842 809 1098 903 praescriptae
1122 812 1160 882 et
1182 813 1365 901 quantum
1391 808 1471 881 fieri
1499 813 1623 902 potest

426 946 514 1013 adra
533 937 643 1031 plane
661 941 809 1010 siccata

534 1063 666 1139 Partes
685 1065 760 1138 100
776 1064 857 1138 eius
869 1063 907 1136 in
923 1084 1015 1137 vase
1030 1063 1124 1138 satis
1139 1064 1276 1157 amplo,
1289 1062 1386 1136 bene
1401 1062 1622 1153 claudendo,

428 1212 515 1266 curn
565 1195 761 1265 menstruo
814 1190 1034 1285 quantitatis
1078 1190 1332 1284 praescriptae
1378 1190 1621 1283 aequabiliter

426 1319 700 1408 humectantur,
721 1320 811 1411 quin
829 1318 954 1412 pulvis
976 1318 1228 1411 conglobetur.

536 1444 748 1539 Seponatur
765 1466 897 1519 massa
914 1445 1128 1519 madefacta
1144 1466 1237 1519 vase
1256 1449 1354 1520 tecto
1373 1466 1441 1538 per
1453 1445 1569 1519 horas
1585 1446 1620 1518 3.

427 1573 524 1648 Tum
543 1573 743 1665 ingeratur,
763 1573 1009 1666 aequabiliter
1027 1571 1321 1666 comprimendo,
1341 1572 1381 1645 in
1395 1577 1617 1666 apparatum

428 1698 694 1793 depulsorium,
714 1699 820 1773 cuius
839 1720 929 1792 pars
949 1699 1101 1773 inferior
1124 1704 1242 1773 strato
1262 1699 1429 1793 gossypii
1448 1698 1618 1792 depurati

429 1832 575 1902 armata
607 1832 674 1900 est
708 1825 900 1901 Orificium
932 1832 1136 1921 apparatus
1167 1826 1322 1900 inferius
1355 1827 1546 1920 aperiatur
1581 1831 1618 1900 et

427 1956 611 2031 menstrui
649 1955 982 2049 superinfundatur
1017 1960 1177 2044 tantum,
1198 1959 1242 2028 ut
1277 1975 1407 2028 massa
1451 1953 1615 2048 pulveris

427 2087 625 2158 menstruo
645 2082 794 2157 obtecta
812 2081 862 2156 sit
880 2086 917 2155 et
934 2082 1057 2174 liquor
1080 2082 1251 2174 guttatim
1277 2081 1440 2155 defluere
1459 2080 1618 2175 incipiat

428 2211 482 2285 Eo
510 2213 704 2283 momento
733 2209 915 2283 orificium
943 2209 1096 2283 inferius
1130 2208 1326 2282 claudatur
1353 2213 1391 2283 et
1413 2212 1617 2303 apparatus

430 2338 625 2412 obturabis
645 2358 713 2429 per
730 2337 886 2411 biduum
907 2342 1124 2431 seponatur.
1147 2336 1244 2410 Tum
1263 2335 1445 2410 orificium
1462 2336 1616 2410 inferius

429 2464 618 2558 aperiatur
644 2465 705 2553 ita,
735 2468 777 2538 ut
796 2465 924 2558 elapso
944 2468 1112 2556 tempore
1131 2462 1265 2537 minuti
1282 2464 1397 2537 unius
1416 2467 1542 2556 guttae
1564 2464 1615 2537 30

426 2592 582 2685 liquoris
603 2592 778 2666 defluant

536 2720 888 2815 Superinfundendo
904 2724 1141 2794 menstruum
1163 2719 1287 2814 liquor
1303 2718 1448 2794 tamdiu
1466 2718 1616 2809 defluat,

428 2854 471 2923 ut
503 2849 584 2924 aius
617 2851 744 2942 partes
777 2848 829 2920 85
862 2847 1057 2936 resultent,
1092 2867 1189 2939 quae
1207 2847 1247 2920 in
1264 2846 1399 2939 lagena
1417 2846 1618 2939 separatim

429 2976 608 3051 collectae
627 2979 871 3068 seponantur.

536 3102 693 3195 Aequali
720 3101 848 3190 modo,
878 3100 1107 3174 affirudendo
1135 3105 1372 3174 menstruum
1408 3099 1614 3193 pervices

426 3251 557 3305 massa
574 3228 741 3324 pulveris
761 3232 936 3301 contenta
954 3227 993 3301 in
1013 3232 1196 3321 apparatu
1211 3227 1426 3321 depulsoria
1440 3230 1619 3301 tractetur

426 3378 548 3452 usque
568 3357 617 3430 ad
635 3354 839 3449 perfectam
858 3356 1136 3428 extractionem.

538 3484 678 3575 Liquor
695 3480 784 3555 hinc
803 3481 983 3555 obtentus
1004 3480 1230 3555 destillando
1248 3480 1425 3554 liberetur
1442 3501 1465 3553 a
1484 3478 1616 3572 spiritu

426 3613 502 3686 vini
541 3615 578 3684 et
609 3610 648 3682 in
680 3608 818 3682 balneo
852 3628 973 3701 aquae
1007 3613 1231 3700 evaporatur
1264 3606 1312 3680 ad
1344 3606 1617 3680 remanentiam

426 3738 589 3834 partium
616 3736 676 3825 15,
704 3756 800 3827 quae
825 3735 1101 3809 admisceantur
1119 3734 1191 3807 illis
1210 3734 1286 3807 iarn
1305 3732 1410 3826 prius
1430 3732 1616 3826 separatis

425 3865 596 3961 partibus
635 3863 686 3937 85
723 3862 890 3955 liquoris.
937 3861 1086 3956 Sepone
1122 3883 1190 3955 per
1227 3861 1371 3954 aliquot
1407 3860 1500 3944 dies,
1536 3865 1617 3934 tum

424 3995 534 4069 filtra.

533 4120 710 4194 Extracta
746 4117 860 4191 fluida
898 4117 974 4189 sint
1009 4115 1175 4210 limpida,
1218 4115 1345 4189 odoris
1385 4119 1423 4188 et
1468 4115 1616 4207 saporis

425 4248 566 4344 proprii
583 4244 783 4340 peculiaris
798 4243 1062 4318 medicamenti
1076 4242 1241 4331 adhibiti,
1257 4241 1436 4334 ponderis
1451 4241 1617 4335 specifici

423 4373 644 4472 praescripti
664 4378 702 4447 et
721 4371 938 4466 quantitatis
958 4370 1101 4444 residui
1120 4370 1212 4443 sicci
1233 4369 1418 4443 definitae.

531 4502 742 4577 Residuum
761 4500 921 4573 Extracti
941 4498 1045 4571 fluidi
1064 4499 1206 4571 siccum
1219 4498 1459 4590 investigetur
1471 4497 1615 4571 ratione

424 4633 691 4725 subsequente.
