3725 5400
707 477 945 550 -381-

336 698 477 792 Liquor
495 696 631 771 coloris
650 697 812 770 obscure
832 694 997 786 olivacei,
1018 694 1145 767 odoris
1166 692 1299 768 debilis
1318 691 1422 767 lolio-
1492 792 1495 798 ,

227 849 312 901 rum
326 825 505 919 Digitalis
525 825 702 919 ponderis
723 823 887 918 specifici
906 822 1050 897 circiter
1069 821 1203 895 baba.

337 954 482 1044 Quodsi
501 956 710 1045 grammata
732 953 780 1024 10
800 950 1011 1042 Tincturae,
1035 949 1151 1058 mixta
1170 970 1257 1022 cum
1277 948 1423 1041 aequali

227 1082 432 1175 quantitate
471 1102 592 1173 aquae
626 1083 663 1154 et
699 1100 770 1173 ope
808 1078 933 1152 balnei
981 1099 1102 1171 aquae
1136 1077 1184 1150 ad
1227 1075 1423 1149 dimidium

227 1214 429 1302 evaporata
455 1208 610 1303 plumbo
630 1207 771 1281 ucetico
800 1206 929 1279 basico
965 1206 1089 1279 soluto
1121 1203 1421 1299 praecipitaveris

226 1342 262 1410 et
289 1336 474 1430 liquorem
501 1335 679 1408 filtratum
712 1334 977 1434 chlorolormio
1007 1331 1304 1426 exquassaveris,
1338 1352 1421 1405 eva·

224 1468 356 1558 porato
391 1463 655 1537 chlorolormio
683 1462 879 1535 residuum
910 1465 1113 1550 remaneat,
1133 1460 1236 1554 quod
1255 1459 1291 1531 in
1314 1459 1421 1532 acido

225 1590 403 1665 sulfurico
448 1594 690 1664 concentrato
720 1590 897 1679 solutum,
936 1588 1063 1662 addito
1100 1585 1265 1680 pauxillo
1299 1608 1420 1679 aquae

224 1718 347 1792 bromi
366 1719 531 1792 colorem
549 1717 760 1790 violaceum
780 1714 948 1811 accipiat.

333 1845 478 1934 Quodsi
514 1844 786 1919 remanentiam
815 1847 1067 1936 grammatum
1101 1843 1123 1916 1
1154 1841 1353 1916 Tincturae
1382 1841 1420 1915 in

223 1973 358 2054 balneo
387 1993 509 2066 aquae
537 1977 825 2066 evaporatorum
852 1971 891 2043 in
911 1970 1138 2045 centimetn's
1168 1970 1308 2044 cubicis
1327 1991 1420 2043 non·

222 2099 334 2174 nullis
373 2123 494 2194 aquae
532 2100 700 2190 solveris,
737 2099 913 2174 admixtis
952 2100 1065 2192 guttis
1102 2100 1123 2172 3
1154 2098 1250 2173 acidi
1281 2098 1419 2191 hydro-

223 2226 374 2301 chlorici
410 2228 606 2302 filtraveris
644 2231 681 2301 et
712 2228 890 2301 filtratum
928 2249 1016 2301 cum
1053 2249 1152 2318 aqua
1185 2225 1337 2298 dilueris
1371 2225 1418 2297 ad

223 2356 468 2448 quantitatem
506 2356 812 2430 centimetrorum
841 2354 1062 2429 cubicorum
1093 2356 1153 2444 10,
1179 2354 1304 2447 liquor
1330 2353 1418 2426 inde

132 2548 134 2552 ,
222 2488 355 2557 enatus
384 2483 510 2558 addito
531 2483 747 2557 centimetro
777 2483 909 2556 cubico
938 2482 1136 2556 solutionis
1165 2480 1261 2555 acidi
1279 2480 1419 2554 tannici

220 2610 374 2703 (1=u0)
394 2610 442 2684 ad
461 2611 805 2705 impelluciditatem
823 2610 996 2683 turbidus
1017 2609 1162 2684 evadat.

328 2737 382 2811 Ne
401 2739 587 2833 relinquat
605 2761 626 2812 e
644 2739 813 2832 partibus
833 2740 909 2811 100
929 2738 1055 2811 minus
1076 2760 1191 2831 quarn
1204 2742 1330 2832 partes
1352 2736 1416 2811 bb

217 2864 370 2939 residui.

528 3171 779 3325 lineum
818 3192 1106 3355 Gallorum.

218 3449 297 3542 Rp:
329 3452 500 3521 deltarum
1156 3457 1280 3545 portes
1364 3451 1415 3524 lo

327 3574 473 3668 Spiritus
492 3580 569 3650 Vini
588 3579 688 3650 diluti
1154 3584 1279 3674 portes
1326 3581 1413 3652 100.

188 3686 196 3703 ⁶
325 3702 465 3797 Liquor
495 3704 630 3779 coloris
665 3705 897 3793 ssavo-fusci,
931 3705 1078 3800 saporis
1111 3706 1220 3779 valde
1254 3706 1414 3779 adstrin-

218 3829 350 3921 gentis,
382 3851 469 3902 cum
497 3852 597 3923 aqua
625 3831 764 3905 mixtus
793 3831 970 3925 limpidus
999 3854 1215 3921 remanens
1236 3835 1414 3926 ponderis

217 3956 382 4049 specifici
401 3956 544 4030 circiter
563 3959 695 4032 0·950.

325 4083 436 4175 Aqua
453 4070 571 4157 valde'
590 4084 742 4175 dilutus,
773 4085 901 4160 addito
920 4087 1078 4180 vestigio
1108 4087 1306 4161 solutionis
1327 4088 1414 4161 ferri

217 4209 503 4303 sesquicblorati
523 4212 686 4285 colorem
706 4214 921 4287 caeruleum
941 4213 1082 4309 accipit

325 4337 378 4412 Ne
397 4337 586 4431 relinquat
605 4360 624 4411 e
643 4340 812 4434 partibus
837 4342 912 4414 100
932 4341 1058 4415 minus
1079 4364 1194 4435 quam
1212 4347 1339 4435 partes
1363 4344 1407 4415 11

216 4464 367 4538 residui.
