3725 5400
901 461 1156 535 -XVHJ-

430 686 520 777 ,nita
540 684 793 764 substantiae
815 685 969 764 activae
992 707 1069 764 nec
1100 685 1255 763 nonde
1278 684 1444 788 singulis
1475 684 1625 788 simpli·

433 849 547 928 cibus
568 847 731 928 tonicae
762 848 907 928 indolis
939 847 1215 940 officinalibus,
1247 848 1430 950 exceptis
1456 873 1625 952 perpau-

433 1011 492 1090 cis
515 1035 761 1093 consensum
782 1011 908 1091 fuisso
931 1012 982 1090 de
1015 1011 1227 1090 sententiis
1255 1034 1349 1090 cum
1376 1011 1626 1091 conferentia

431 1175 729 1255 internetionali
750 1175 1008 1254 Bruxellensi
1024 1174 1119 1252 anni
1140 1172 1300 1255 MCMII
1328 1181 1370 1254 et
1389 1174 1551 1277 quidem
1574 1177 1625 1255 de

432 1338 681 1441 praeparatis
705 1344 748 1417 et
768 1339 1016 1441 simplicibus
1038 1338 1321 1441 sequentibus:

538 1552 652 1644 Aqua
662 1551 888 1625 carbolisata
896 1550 1067 1644 (Phenoli
1078 1551 1357 1644 solutio),Aqua
1366 1549 1622 1642 Laurocerasi,

431 1694 647 1770 Extractum
662 1696 925 1787 Belladonnae,
945 1696 1162 1770 Extraclum
1176 1694 1296 1788 Fungr'
1311 1694 1451 1769 Secalis
1466 1696 1621 1787 (Secalis

432 1842 577 1915 comuti
614 1844 848 1932 extractum),
885 1841 1100 1914 Extraclum
1137 1841 1258 1933 Fungi
1291 1841 1433 1914 Sacalis
1466 1842 1624 1916 fluidum

431 1984 586 2078 (Secalis
598 1982 1623 2083 cornutiextractumfluidum),Exlractanyoscyami.

430 2131 646 2206 Extractum
663 2131 756 2224 Opii
775 2131 993 2205 Extractum
1007 2130 1191 2224 strychni,
1206 2130 1311 2204 Folia
1324 2130 1482 2223 (lolium)
1503 2131 1621 2205 Bella·

432 2277 593 2364 donnae,
609 2276 714 2350 Folia
727 2273 884 2372 (lolium)
900 2275 1079 2368 Digitalis,
1093 2276 1197 2350 Folia
1210 2277 1368 2368 (folium)
1382 2276 1621 2370 Hyoscyemi,

429 2420 583 2516 Fungus
600 2422 740 2496 Secalis
757 2420 998 2517 (Clavicipilis
1013 2442 1224 2514 purpureae
1240 2420 1479 2512 sclerotium),
1494 2421 1621 2495 Pulvis

429 2562 713 2664 Ipecacuanhae
733 2567 881 2661 opiatus
903 2563 1043 2666 (Pulvis
1063 2562 1147 2659 Opii
1166 2570 1203 2639 el
1220 2565 1502 2659 lpecacuanhae
1521 2588 1622 2640 com·

431 2715 604 2808 positus),
631 2713 754 2787 Radix
780 2713 1078 2807 Ipecacuanhae,
1109 2713 1246 2786 Semen
1280 2711 1452 2802 Colchici,
1486 2713 1623 2787 Semen

433 2860 615 2954 Strychni,
645 2859 789 2934 Solulio
814 2860 1032 2933 arsenicalis
1050 2859 1207 2933 Fowleri
1225 2857 1468 2955 (Arsenicalis
1500 2858 1624 2953 liquor

428 3003 609 3101 Fowleri),
643 3004 811 3098 Syrupus
843 3003 946 3079 Ferri
977 3003 1103 3092 iodatl,
1132 3003 1300 3098 Syrupus
1327 3002 1622 3096 Ipecacuanhae,

427 3145 606 3225 Tinctum
636 3149 899 3238 Belladonnae,
932 3149 1112 3224 Tinctum
1139 3148 1421 3238 Cantharidum,
1446 3148 1624 3224 Tinctura

428 3287 602 3386 Colchici,
620 3295 798 3370 Tinctura
820 3295 1001 3388 Digitalis,
1020 3294 1198 3369 Tinctura
1209 3291 1501 3388 Ipecacuanhae,
1515 3289 1622 3368 Tinc-

428 3439 610 3530 turalodi,
623 3439 1264 3533 TincturaLobeliae,TiucturaOpii
1274 3444 1434 3531 crocata,
1445 3438 1623 3514 Tinctum

429 3583 514 3679 Opii
538 3585 707 3679 simplex,
738 3583 917 3660 Tinelura
951 3585 1205 3679 Strophanthi,
1235 3585 1413 3659 linctura
1435 3585 1620 3678 Stryclmi,

426 3731 668 3824 Unguentum
686 3731 924 3824 Hydrargyri,
944 3731 1083 3805 Vinum
1103 3730 1209 3805 Slibii
1228 3731 1525 3805 Kale-tamarici.

431 4033 434 4042 ,
534 3954 660 4033 Porro
689 3953 987 4032 medicamenta
1017 3953 1183 4033 heroica
1213 3977 1470 4057 nequaquam
1507 3977 1620 4055 prae·

424 4125 618 4223 parentur
640 4121 715 4198 sub
738 4119 869 4199 forma
890 4119 970 4197 vini
990 4119 1190 4211 medicati,
1212 4119 1412 4199 tincturae
1435 4141 1490 4196 ex
1512 4118 1616 4197 eius·

426 4283 536 4363 modi
557 4283 890 4380 medicaminibus
913 4283 1179 4364 conficiantur
1204 4283 1246 4362 in
1268 4282 1462 4362 relatione
1488 4280 1619 4372 1:10,

426 4452 612 4534 extracta
639 4448 698 4528 sic
739 4448 847 4527 dicta
885 4447 1010 4526 fluida
1048 4469 1142 4526 cum
1172 4446 1354 4550 partibus
1386 4444 1619 4525 centesimis

429 4609 519 4691 100
542 4611 739 4714 producti.
872 4658 876 4670 ·
