3725 5400
931 444 1128 515 ..96-

426 664 591 753 striatas,
621 661 757 736 coloris
775 660 1022 736 luscescentis
1041 660 1102 733 vel
1119 659 1424 751 fusco-rubentis,
1456 661 1622 735 fracttna

425 790 465 863 in
482 796 587 884 parte
614 789 792 864 interiore
819 787 1186 875 lamellosodbrosa,
1218 788 1257 861 in
1285 793 1481 880 segmento
1500 794 1622 862 trans·

425 939 536 992 verso
555 919 627 993 sub
642 916 891 1010 peridermate
905 915 1150 1008 mesophloeo
1165 915 1425 1005 viridescenta
1446 920 1621 1009 separato

428 1045 475 1118 ab
494 1045 734 1137 endophloeo
749 1043 887 1137 pallide
901 1043 1138 1132 rubescente,
1155 1042 1420 1143 angustissime
1430 1044 1621 1118 tessellato

426 1176 544 1245 strato
564 1172 742 1246 continuo
762 1192 782 1244 e
802 1170 945 1245 cellulis
964 1170 1339 1263 sclerenchymaticis

535 1298 689 1391 Saporis
722 1302 781 1371 est
813 1297 950 1371 Cortex
977 1297 1086 1371 valde
1120 1296 1396 1389 adstringentis.
1430 1296 1623 1372 Solutione

424 1426 512 1500 ferri
555 1424 843 1519 sesquichlorati
876 1423 994 1498 diluta
1025 1426 1266 1498 humectatus
1298 1424 1420 1498 induit
1456 1424 1622 1499 colorem

426 1552 614 1645 profunde
634 1552 859 1626 caeruleum

533 1677 577 1752 In
594 1684 808 1753 mercatura
827 1679 971 1772 vulgari
990 1679 1151 1752 occurrit
1170 1678 1328 1752 scissus.

534 1806 616 1900 Ope
633 1806 871 1899 microscopii
889 1806 1112 1880 observatur
1144 1806 1379 1897 praesertim:
1414 1810 1573 1879 suatum
1602 1827 1622 1880 e

426 1934 569 2008 cellulis
602 1933 966 2027 sclerenchymaticis
989 1933 1248 2027 polymorphis
1283 1938 1320 2007 et
1352 1954 1373 2006 e
1404 1934 1509 2007 fibris
1541 1934 1624 2007 libri

425 2061 610 2154 primariis
632 2060 672 2134 in
700 2065 867 2134 extrema
886 2060 1113 2153 endophloei
1144 2060 1310 2152 regiona
1346 2061 1624 2153 endophloeum

428 2189 555 2283 ipsum
572 2188 761 2262 fasciculis
781 2209 802 2261 e
820 2188 924 2261 fibris
943 2187 1026 2261 libri
1045 2187 1278 2262 secundariis
1296 2188 1419 2281 longis
1440 2189 1622 2281 angustia,

425 2318 647 2410 plerumque
666 2317 754 2409 plus
772 2317 945 2390 minusve
968 2315 1219 2407 irregulariter
1241 2315 1398 2389 nodosis
1426 2320 1464 2389 et
1489 2337 1624 2389 versus

428 2444 679 2519 extremitates
699 2444 819 2518 acutis
843 2448 909 2518 aut
927 2443 1149 2517 acuminatis
1169 2442 1416 2534 denticulatis,
1439 2443 1623 2517 comitatis

426 2571 531 2645 libris
539 2548 711 2645 loculatis
719 2570 1136 2664 leptodermis,singulis
1147 2570 1320 2664 crystallo
1330 2591 1448 2664 parva
1457 2570 1625 2663 simplice

428 2700 532 2773 calcii
550 2699 682 2773 oxalici
700 2699 908 2787 instructis;
928 2697 1184 2793 parenchyma
1208 2720 1228 2772 e
1248 2697 1392 2772 cellulis
1414 2704 1475 2773 sat
1497 2700 1624 2792 parvis

428 2848 558 2901 massa
577 2827 762 2918 amorpha
780 2826 945 2919 repletiS,
967 2847 1066 2918 quae
1079 2826 1267 2899 solutione
1285 2825 1374 2898 ferri
1393 2826 1625 2918 sesquichlo-

428 2954 498 3027 rati
526 2953 690 3028 colorem
716 2952 903 3046 profunde
933 2953 1148 3027 caeruleum
1171 2952 1301 3042 induit
1335 2952 1522 3027 solutione
1540 2953 1626 3026 kalii

428 3079 703 3174 hydrooxydati
722 3081 846 3154 colore
866 3080 1010 3155 eiusco
1030 3081 1145 3153 rubro
1160 3079 1327 3152 solvitur.
1357 3079 1401 3152 In
1419 3081 1626 3172 parenchy·

428 3213 527 3281 mate
556 3208 795 3301 reperiuntur
824 3207 936 3280 etiam
964 3208 1117 3280 cellulae
1142 3226 1368 3279 numerosae
1392 3206 1626 3280 continentes

429 3336 645 3429 crystallum
682 3335 786 3408 calcii
819 3335 953 3408 oxalici
985 3340 1051 3408 aut
1083 3334 1269 3407 stellatam
1302 3339 1368 3407 aut
1404 3333 1625 3427 simplicem;

431 3464 554 3556 amylo
576 3462 713 3536 Cortex
732 3483 778 3535 ex
797 3467 875 3535 toto
895 3465 1007 3535 caret.

542 3590 617 3663 100
637 3594 764 3682 partes
785 3588 941 3662 Corticis
965 3610 1013 3662 ne
1034 3589 1119 3680 plus
1139 3610 1254 3681 quam
1272 3594 1400 3683 partes
1423 3589 1471 3661 10
1492 3588 1626 3661 cineris

429 3717 652 3809 relinquant.

776 4004 972 4138 Cortex
1010 4002 1282 4150 tuilaiae.

544 4225 705 4318 Qaitloia
733 4225 940 4321 Supoaorio
967 4225 1155 4316 Mollina,
1194 4225 1306 4299 arbor
1333 4225 1373 4298 in
1401 4223 1563 4298 Peruvia
1591 4229 1627 4297 et

430 4355 533 4429 Chile
552 4375 741 4428 crescens.

539 4481 675 4555 Cortex
702 4480 824 4554 trunci
853 4502 876 4552 a
903 4480 1153 4572 rhytidomate
1178 4480 1358 4553 liberatus
1388 4482 1425 4552 et
1452 4477 1625 4551 siccatus,

430 4611 567 4683 Frusta
598 4608 712 4701 plana
747 4630 870 4700 usque
909 4608 957 4679 ad
996 4606 1139 4699 aliquot
1171 4607 1374 4680 decimetra
1404 4604 1530 4698 longa,
1579 4606 1628 4678 ad
