3725 5400
895 498 946 508 ..
978 456 1027 529 78

513 673 729 747 Extractum
743 694 932 766 aquosum
948 672 1094 747 Chinini
1114 673 1254 748 tannici
1273 695 1346 768 ope
1366 674 1463 747 acidi
1481 674 1601 747 uitrici

407 800 701 892 conquassando
717 806 754 874 et
764 800 851 874 dein
860 800 1036 874 filtrando
1047 806 1220 894 paratum
1231 803 1267 894 (1
1280 831 1328 865 =
1338 801 1403 893 50)
1415 801 1601 875 solutione

406 948 501 1002 neve
520 928 665 1019 argenti
682 927 802 1001 nitrici
821 949 917 1002 neve
936 927 1042 1021 barvi
1061 929 1180 1001 uitrici
1200 928 1326 1002 statim
1344 929 1524 1002 turbetur.

515 1054 660 1145 Quodsi
688 1076 859 1147 gramma
887 1053 1036 1128 Chinini
1071 1055 1213 1129 tannici
1251 1076 1337 1129 cum
1375 1055 1601 1130 centimetn's

406 1181 546 1256 cubicis
565 1183 592 1255 4
611 1203 732 1274 aquae
750 1182 918 1272 mixtum,
939 1182 1083 1256 adiecto
1102 1182 1224 1257 natrio
1243 1183 1529 1281 hydrooxydato
1554 1185 1602 1257 ad

405 1311 633 1385 reactionem
664 1310 852 1385 miscellae
889 1311 1033 1385 fortiter
1070 1311 1268 1385 alcalinam
1309 1309 1426 1386 ternis
1458 1311 1601 1386 vicibus

408 1459 494 1511 cum
514 1438 739 1512 centimetris
759 1439 898 1512 cubicis
916 1440 936 1512 7
956 1440 1117 1513 aetheris
1133 1439 1456 1532 conquassaveriS,
1474 1439 1603 1513 aether

406 1564 599 1639 seiunctus
633 1568 671 1638 et
703 1564 882 1638 collectus
903 1566 1145 1659 evaporando
1179 1566 1372 1640 residuum
1404 1566 1599 1657 relinquat,

407 1692 509 1785 quod
527 1696 782 1785 temperatura
804 1693 903 1766 100⁰
920 1693 1102 1766 siccatum
1111 1692 1265 1766 minime
1276 1693 1600 1785 decigrammatass

407 1819 545 1892 11111111
564 1820 681 1892 sistat

516 1946 717 2020 Chininum
748 1947 863 2020 modo
897 1946 1084 2040 descripto
1112 1968 1133 2021 e
1163 1945 1321 2019 Chinino
1350 1947 1500 2021 tannico
1529 1947 1602 2020 ela-

407 2074 582 2147 boratum
618 2073 659 2147 in
691 2075 822 2168 spiritu
859 2074 936 2148 vini
977 2074 1153 2163 solutum,
1202 2079 1332 2148 exacte
1371 2095 1458 2148 cum
1495 2075 1602 2148 acido

408 2201 585 2274 sulfurico
620 2202 736 2276 diluto
769 2202 1056 2275 neutralisatum
1095 2207 1132 2275 et
1164 2202 1252 2275 dein
1289 2202 1531 2294 evaporando
1564 2202 1603 2275 in

407 2327 599 2401 chininum
637 2328 860 2405 sulfuricum
896 2328 1206 2402 transformatum
1246 2328 1602 2422 praescriptionibus

410 2454 731 2547 pharmacopoeae
750 2456 989 2548 respondeat.

417 2626 419 2633 >
516 2582 815 2675 Decigrammata
836 2583 858 2655 1
880 2582 1027 2656 Chinini
1049 2582 1190 2656 tannici
1209 2584 1433 2656 comburant
1450 2583 1602 2656 residuo

408 2731 487 2784 non
506 2711 643 2785 relicto.

518 2838 695 2911 Servetur
714 2860 737 2910 a
755 2839 837 2911 luce
857 2842 1052 2912 remotum.

515 3163 992 3275 oblatratum
1028 3164 1514 3298 1111111111.

519 3345 689 3439 Crystalli
713 3345 909 3419 decolores
928 3345 1151 3438 pellucidae,
1181 3345 1221 3419 in
1245 3354 1331 3419 aere
1350 3346 1605 3440 persistentes

410 3472 609 3546 reactionis
637 3473 809 3547 neutrius
837 3474 897 3547 vel
923 3471 1003 3545 fere
1032 3473 1213 3554 neutrius,
1251 3473 1379 3546 odoris
1408 3473 1606 3566 peculiaris

411 3599 614 3690 aromatici,
654 3601 800 3693 saporis
835 3600 960 3674 acerbi
994 3600 1187 3673 subamari
1220 3600 1383 3690 caustici,
1421 3600 1461 3673 in
1494 3622 1606 3692 aqua,

411 3726 544 3820 spiritu
562 3727 639 3800 vini
658 3733 695 3801 11
714 3729 866 3802 aethere
894 3728 1004 3800 facile
1025 3727 1217 3815 solubiles,
1249 3728 1371 3800 calore
1393 3727 1467 3801 580
1489 3728 1607 3820 lique·

412 3857 571 3927 scentes.

521 3981 664 4055 Solutio
697 4003 846 4074 aquosa
873 3980 971 4055 kalio
1000 3981 1285 4074 hydrooxydato
1309 3982 1435 4055 soluto
1464 3982 1607 4057 adiecto

412 4110 598 4196 turbatum
629 4108 893 4182 chlorofonnio
914 4109 1141 4182 succedente
1161 4130 1295 4183 rursus
1314 4109 1357 4183 fit
1374 4110 1535 4203 limpida.

523 4232 666 4309 Solutio
686 4258 706 4310 e
728 4241 934 4327 grammate
955 4236 1117 4309 Cblorali
1144 4235 1292 4327 hydrati
1319 4236 1358 4309 in
1383 4235 1608 4310 centimetris

414 4362 553 4438 cubicis
577 4365 626 4436 10
646 4363 798 4457 spiritus
814 4363 890 4436 vini
906 4362 1075 4436 chartam
1092 4362 1381 4456 exploratoriam
1396 4363 1609 4437 caeruleam

413 4492 590 4565 siccando
612 4491 764 4565 demum
782 4491 915 4564 leniter
945 4490 1153 4564 rubefaciat
1180 4496 1217 4563 et
1245 4491 1392 4564 adiecta
1424 4491 1610 4564 solutione

415 4619 558 4711 argenti
577 4617 697 4693 uitrici
718 4639 766 4691 ne
787 4619 912 4692 statim
932 4622 1106 4691 mutetur.
