3725 5400
595 462 598 467 ⁴
706 494 858 567 -181
889 494 941 545 ’-

331 715 480 808 Drupae
521 721 690 788 maturae
732 712 893 787 siccatae
935 733 1235 806 monospermae,
1282 712 1423 804 orales

223 841 378 914 minoris
422 841 541 915 cerasi
582 840 849 934 magnitudine,
889 838 1097 932 pericarpio
1138 840 1253 931 tenui,
1292 841 1424 934 fragili,

224 972 330 1042 extus
357 988 498 1061 rugoso
536 988 556 1041 e
593 967 702 1041 fusco
739 965 798 1040 vel
827 965 994 1039 olivaceo
1022 965 1140 1058 nigro,
1173 967 1280 1041 cuius
1309 969 1424 1042 endo·

224 1096 390 1189 carpium
420 1094 584 1185 ducum,
622 1094 854 1188 diaphanum
890 1114 978 1167 cum
1009 1093 1263 1185 integumento
1296 1096 1425 1170 subtili

224 1223 377 1296 seminis
405 1222 678 1296 exalbuminosi
706 1226 910 1296 condatum
942 1226 1011 1311 est,
1042 1223 1185 1295 semine
1213 1223 1252 1296 iu
1281 1225 1423 1316 cotyles

223 1351 403 1442 geminas,
440 1349 518 1423 iere
546 1348 865 1443 hemisphaericas
899 1349 1239 1442 oleoso-carnosas
1279 1351 1416 1425 coloris

222 1476 472 1550 cinnamomei
491 1477 596 1550 facile
615 1476 826 1564 secedente,
847 1475 976 1550 odoris
995 1477 1195 1569 peculiaris
1210 1477 1419 1569 balsamici,

226 1605 371 1698 saporis
391 1604 592 1700 aromatici,
612 1604 730 1678 amari
748 1608 785 1678 et
804 1604 1155 1697 subadstringentis

340 1733 414 1804 100
442 1737 570 1824 partes
598 1731 732 1804 mercis
761 1751 809 1804 ne
836 1731 925 1824 plus
953 1752 1068 1822 quarn
1091 1737 1218 1824 partes
1242 1733 1424 1807 dcineris

227 1860 300 1934 albi
319 1858 541 1952 relinquant

573 2199 802 2372 Fructus
841 2236 1078 2407 Myrtili.

343 2495 546 2568 Vaccinium
592 2493 776 2593 Myrtillue
811 2495 866 2585 L,
897 2495 1097 2571 frutioulus
1129 2495 1168 2569 in
1201 2496 1305 2570 silvis
1342 2518 1424 2571 um·

229 2623 351 2696 brasis
371 2627 409 2696 et
427 2621 572 2696 ericetis
592 2621 773 2715 gregatim
792 2642 971 2696 crescens
991 2621 1222 2697 notissimus.

338 2751 481 2825 Barcae
500 2755 671 2824 maturae
691 2750 871 2843 globosae
894 2750 1151 2842 magnitudine
1167 2751 1322 2825 seminis
1336 2752 1422 2846 pisi,

230 2879 425 2973 superficie
460 2879 808 2973 nigro-purpureae,
845 2879 1060 2972 pruinosae,
1099 2880 1205 2954 4-5
1238 2880 1424 2953 loculares

228 3008 501 3100 polyspermae,
523 3007 758 3099 sarcocarpio
778 3007 1186 3080 succulento-camoso.

339 3133 515 3223 Siccatae,
571 3138 613 3207 ut
650 3133 910 3222 adhibeantur,
949 3138 1039 3207 sunt
1081 3154 1213 3226 grosse
1246 3156 1422 3226 rugosae,

228 3261 391 3356 pessulis
410 3261 618 3334 minoribus
637 3260 791 3350 similes,
814 3267 923 3336 extus
945 3282 965 3335 e
990 3261 1097 3353 nigro
1125 3262 1265 3351 fuscae,
1284 3262 1424 3335 multae

229 3391 353 3464 adhuc
380 3388 593 3483 pedunculo
620 3388 725 3462 tenui
751 3388 966 3478 instructae,
996 3388 1144 3480 saporis
1164 3389 1310 3480 aciduli,
1333 3410 1423 3482 pau-

228 3517 349 3591 lulum
368 3516 645 3609 adstringentis

340 3645 383 3719 In
420 3665 520 3737 aqua
560 3649 813 3717 tumescentes
851 3664 935 3718 eam
968 3664 1088 3736 aeque
1126 3665 1169 3717 ac
1207 3645 1424 3718 masticatae

228 3773 385 3847 salivam
404 3772 529 3845 colore
550 3775 715 3845 saturate
734 3792 923 3864 purpureo
942 3769 1122 3844 inficiunt.

336 3899 379 3974 ln
402 3899 507 3991 apice
528 3898 706 3971 exhibent
722 3898 923 4002 vestigium
952 3903 1118 3971 erectum
1136 3903 1248 3971 tenue
1272 3898 1422 3991 calycis,

230 4026 377 4100 discum
404 4026 443 4099 in
471 4031 599 4100 centro
630 4025 854 4118 depressum
882 4026 1131 4099 orbicularem
1156 4025 1310 4117 cingens
1331 4026 1425 4099 etin

229 4153 466 4246 sarcocarpio
487 4152 621 4226 coloris
641 4174 662 4226 e
677 4152 785 4243 nigro
803 4153 906 4226 rubri
921 4152 1109 4245 permulta
1123 4153 1270 4226 semina
1283 4152 1426 4226 circiter

229 4280 481 4354 millimetrum
508 4280 623 4372 longa
651 4278 801 4371 oblique
832 4285 953 4375 ovata,
987 4279 1328 4372 compressiuscula
1360 4285 1426 4354 aut

229 4406 526 4497 subreniiormia,
538 4406 744 4500 splendida,
755 4407 993 4494 rufescentia,
1007 4406 1256 4480 minutissime
1270 4428 1422 4499 rugosa.

338 4534 419 4610 Sint
438 4535 574 4607 baccae
594 4538 778 4623 recentes,
808 4533 900 4607 satis
929 4534 1074 4624 molles,
1103 4555 1174 4607 nec
1202 4534 1250 4606 ab
1268 4532 1426 4607 insectis

229 4683 416 4752 corrosae,
437 4682 507 4733 nec
526 4659 709 4734 mucidae.
