3725 5400
712 430 955 541 4969-

235 686 597 761 folionumllenthae
616 683 796 778 piperitae
813 684 1012 777 peculiaris
1033 683 1137 775 grati,
1159 683 1306 777 saporis
1325 683 1433 757 valde
1564 732 1567 737 -

237 812 429 888 aromatici
469 812 590 907 primo
641 811 784 885 urentis
826 816 910 883 urm
943 810 1206 903 refrigerantis,
1255 811 1434 904 ponderis

237 941 407 1035 speoifioi
429 939 736 1029 ον9Οθμ-ον910,
775 938 815 1012 in
846 938 1016 1032 partibus
1040 937 1146 1011 4-5
1176 938 1329 1032 spiritus
1360 937 1437 1010 vini

238 1068 346 1143 diluu'
360 1066 511 1161 limpide
531 1066 700 1140 solubile.
978 1164 980 1168 Ι

347 1195 512 1269 ltlisoelle
531 1216 551 1267 o
571 1194 729 1287 ganisa
749 1193 831 1267 Olei
848 1192 1022 1267 Menthae
1040 1192 1224 1286 piperitae
1255 1197 1292 1266 et
1321 1191 1435 1266 nenti·

239 1329 359 1397 metro
380 1322 512 1396 cubico
532 1322 628 1395 acidi
655 1321 785 1396 aoodci
803 1321 1044 1409 concontrati,
1076 1319 1217 1413 elapsis
1245 1319 1437 1395 nonnullis

239 1449 343 1524 horis
373 1452 539 1525 colorem
568 1451 783 1523 caeruleum
809 1449 940 1537 induit,
975 1448 1095 1538 citius,
1135 1447 1169 1521 si
1196 1448 1388 1521 miscellae
1417 1469 1438 1520 e

186 1578 190 1583 ’
241 1577 468 1652 centimetris
489 1576 628 1650 cubicis
645 1577 668 1649 l
685 1576 765 1650 Olei
779 1575 954 1649 Menthae
973 1575 1153 1669 piperitae
1165 1578 1203 1648 et
1217 1573 1437 1647 centimetro

241 1705 372 1780 cubico
420 1704 516 1778 acidi
562 1703 690 1777 ecetici
736 1703 967 1777 concontrati
1003 1708 1153 1794 guttam·
1185 1701 1282 1775 acidi
1318 1699 1439 1774 nitrioi

241 1833 440 1908 addideris,

389 2048 577 2183 dloun·
607 2046 921 2218 llyristioae
971 2084 1309 2217 expressum.

352 2270 537 2367 Myristico
556 2268 729 2365 fraprano
747 2268 844 2341 vide:
863 2267 1002 2341 Arillus
1021 2266 1242 2360 Myristicae.

354 2396 571 2470 Substantia
588 2396 737 2490 pinguis
772 2395 1207 2487 crystallino-granulosa
1231 2392 1439 2467 consisten-

242 2527 316 2598 tiae
336 2525 429 2613 sebi,
449 2524 576 2596 mixtio
595 2521 877 2618 pinguedinum,
905 2523 978 2595 olei
997 2522 1163 2595 aetherei
1192 2525 1230 2594 et
1247 2520 1438 2616 pigmenti,

241 2651 281 2727 in
299 2652 405 2728 India
423 2651 600 2726 orientali
610 2655 742 2746 parata
761 2672 782 2724 e
800 2650 1008 2726 seminibus
1043 2649 1295 2744 expressione·
1307 2647 1437 2738 aalide,

243 2782 353 2857 nobis
387 2781 545 2854 advecta
581 2780 620 2851 in
653 2779 790 2852 massis
833 2780 955 2852 forma
992 2779 1151 2851 laterum
1191 2782 1441 2869 angustonrm

243 2910 378 2984 coloris
397 2906 589 2999 variegati:
610 2906 815 2979 aurantiaci
830 2911 894 2980 aut
908 2904 1237 2978 rubicundo-fusci
1258 2908 1296 2977 et
1314 2902 1438 2991 albidi,

243 3036 370 3109 odoris
387 3035 481 3128 grati
496 3034 648 3108 seminis
663 3033 884 3126 Myristioae,
907 3032 1054 3126 saporis
1069 3030 1221 3126 pinguis
1243 3035 1279 3103 et
1295 3051 1440 3103 aroma-

244 3163 317 3253 tici,
337 3161 516 3257 ponderis
537 3161 700 3255 specifici
719 3160 1024 3234 deda-oona.

355 3289 486 3363 Calore
520 3289 665 3362 circiter
692 3289 769 3361 450
792 3288 978 3385 liquorem
1011 3285 1282 3380 sublimpidum
1315 3285 1441 3357 fusco·

243 3418 402 3490 rubrum
420 3417 584 3510 praebet.
603 3415 647 3488 In
666 3416 829 3504 aethere,
860 3414 992 3509 spiritu
1011 3414 1087 3486 vini
1107 3418 1145 3487 et
1173 3412 1441 3485 chloroformio

243 3546 409 3618 feriente
430 3545 607 3632 solvatur,
643 3543 882 3615 solummodo
914 3542 1111 3615 residuum
1144 3540 1392 3634 perexiguum
1421 3561 1440 3613 e

243 3671 472 3766 parcissimis
493 3671 657 3763 granulis
678 3670 799 3762 amyli,
818 3670 959 3742 cellulis
981 3669 1152 3741 discretis
1168 3672 1234 3740 aut
1251 3667 1441 3761 particulis

243 3800 340 3873 telae
361 3797 515 3872 seminis
536 3796 743 3889 Myristicae
763 3796 994 3893 relinquens,

354 3925 541 3998 Numerus
584 3924 902 4018 saponificationis
945 3924 994 3996 sit
1035 3922 1179 3996 circiter
1219 3922 1443 4011 148-191,

246 4074 428 4126 numerus
447 4051 524 4124 iodi
545 4051 713 4124 35-48.

637 4265 819 4400 blcun
851 4264 1053 4399 ollae.

362 4503 453 4579 Ozoa
481 4504 672 4601 Europaeo
698 4506 750 4594 L,
783 4505 895 4579 arbor
913 4505 953 4578 in
984 4505 1136 4596 regione
1170 4503 1444 4577 mediterranea

248 4637 460 4726 spontanea
480 4638 517 4706 et
536 4634 644 4706 culta
