3725 5400
916 542 968 553 -
989 454 1075 573 'aaa
1105 542 1158 553 -

704 733 1038 905 Magnesiam
1067 731 1369 905 oxylaturu.

549 970 679 1048 Pulvis
697 973 790 1047 levis
810 973 932 1063 albus,
953 973 994 1047 in
1019 994 1120 1068 aqua
1136 974 1214 1048 fere
1233 974 1457 1066 insolubilis,
1477 976 1633 1050 reactio·

439 1103 498 1175 nis
519 1101 719 1189 alcalinae;
750 1101 828 1174 aeri
847 1100 1043 1194 expositus
1072 1122 1211 1195 aquam
1240 1107 1277 1175 at
1296 1102 1446 1176 acidum
1465 1103 1634 1177 carboni·

441 1251 527 1303 cum
565 1228 741 1317 adtrahit,
799 1249 886 1301 cum
923 1248 1026 1322 aqua
1061 1228 1189 1320 tepida
1224 1228 1265 1302 in
1302 1229 1445 1322 pultem
1481 1235 1636 1305 tenuem

439 1357 615 1431 redactus
643 1355 748 1428 brevi
766 1360 934 1448 tempore
954 1355 993 1428 in
1013 1356 1216 1449 gelatinam
1234 1355 1322 1428 abit
1354 1355 1472 1431 Acido
1496 1359 1634 1451 hydro·

442 1483 606 1557 chlorico
654 1482 769 1557 diluto
815 1481 896 1555 sine
944 1482 1228 1557 effervescentia
1273 1483 1443 1573 solvitur3
1496 1486 1632 1561 solutio

440 1610 601 1701 decolor,
627 1610 756 1684 addita
773 1609 943 1684 miscella
962 1631 1009 1684 ex
1029 1610 1219 1683 ammonio
1246 1610 1414 1685 chlorato
1434 1617 1472 1686 et
1489 1633 1633 1687 ammo·

439 1738 503 1811 nia
557 1742 691 1830 parata
736 1735 856 1810 natrio
903 1736 1162 1830 phosphorico
1210 1737 1463 1811 sedimentum
1506 1740 1632 1813 album

440 1864 696 1957 crystallinum
715 1863 882 1937 demittit

549 1990 848 2082 Decigrammata
868 1991 890 2064 l
910 1990 1093 2084 Magnesii
1118 1991 1268 2083 oxydati
1292 2012 1380 2065 cum
1403 1994 1632 2069 centimetris

441 2118 582 2193 cubicis
600 2117 651 2190 20
671 2137 792 2210 aquae
812 2123 1071 2212 conquassata
1090 2118 1267 2191 filtratum
1295 2119 1511 2212 praebeant,
1532 2124 1634 2216 quod

440 2245 632 2320 ammonio
652 2244 797 2319 oxalico
815 2244 915 2318 intra
935 2244 958 2319 5
978 2246 1123 2319 minuta
1150 2245 1199 2318 ad
1219 2266 1410 2320 summum
1429 2249 1631 2341 opalescat,

441 2395 489 2447 ne
508 2393 598 2447 vero
619 2371 819 2477 confestim
835 2372 1018 2446 turbetur.

549 2498 715 2573 Miscella
756 2522 776 2573 e
819 2499 1082 2593 decigrarnmis
1121 2498 1144 2572 2
1192 2500 1372 2594 Magnesii
1400 2504 1550 2596 oxydati
1597 2512 1634 2579 et

442 2627 622 2722 grammis
643 2626 667 2700 5
687 2648 809 2721 aquae
828 2626 1019 2701 bullientis
1040 2627 1079 2701 in
1102 2626 1251 2702 acidum
1270 2629 1455 2705 aceticum
1474 2631 1634 2708 dilutum

442 2755 620 2845 infusum,
639 2776 686 2828 ne
707 2755 1027 2829 effervescentiam
1045 2755 1238 2848 producat

550 2881 746 2957 Caeterum
765 2904 807 2955 se
823 2903 913 2975 erga
925 2882 1119 2975 reagcntia
1136 2883 1324 2976 praebeat,
1339 2889 1381 2958 ut
1394 2886 1632 2977 magnesiam

441 3009 695 3083 carbonicum.

693 3278 1024 3446 Magnesiam
1054 3279 1380 3415 suliuricuu.

550 3518 761 3611 crystalluli
788 3518 1029 3612 prismaticae
1064 3519 1270 3613 decolores,
1309 3520 1348 3594 in
1382 3529 1467 3595 aare
1496 3544 1633 3616 parum

439 3646 667 3735 fatiscentes,
684 3645 831 3738 saporis
847 3646 957 3719 salini
968 3651 1005 3719 et
1021 3646 1150 3737 amari,
1169 3647 1209 3720 in
1223 3653 1330 3740 parte
1341 3649 1492 3741 aequali
1510 3671 1631 3743 aquae

439 3774 592 3868 frigidae
614 3771 805 3846 solubiles

548 3901 691 3976 Solutio
720 3921 866 3993 aquosa
899 3900 1100 3974 reactionis
1138 3903 1309 3976 neutrIus
1352 3903 1477 3978 addito
1516 3904 1631 3999 barro

439 4028 573 4103 uitrico
593 4028 848 4102 sedimentum
876 4028 1015 4116 album,
1046 4027 1086 4101 in
1115 4027 1230 4102 acidis
1255 4029 1454 4104 insolubile
1473 4031 1633 4106 demittit

440 4176 510 4230 nec
541 4174 620 4229 non
646 4154 769 4228 natrio
797 4153 1054 4249 phosphorico
1082 4161 1280 4249 praesente
1308 4157 1499 4231 ammonio
1529 4158 1631 4233 chlo·

440 4289 521 4357 rato
568 4287 605 4355 et
651 4282 843 4356 ammonia
887 4282 1172 4376 praecipitatum
1210 4283 1338 4356 album
1376 4286 1631 4378 crystallinum

438 4410 602 4505 praebet

549 4536 693 4611 Salutio
713 4559 873 4630 aquosa.
886 4539 922 4630 (1
940 4568 989 4603 =
1003 4538 1069 4629 20)
1098 4558 1169 4611 nec
1194 4559 1295 4632 aqua
1312 4539 1631 4634 hydrosulfurata,

439 4687 521 4755 nec,
553 4665 708 4740 adiectis
737 4666 927 4739 ammonio
958 4665 1127 4739 chlorato
1152 4671 1189 4740 et
1221 4669 1412 4742 ammonia
1440 4670 1632 4746 ammonio
