3725 5400
899 501 1138 574 -300-

531 719 736 812 Colligatur
767 724 950 791 autumno
984 723 1021 791 et
1057 719 1261 810 quotannis
1298 722 1511 792 renovetur.
1556 717 1616 791 Ad

422 849 616 941 pulverem
634 844 847 938 parandum
864 844 1034 917 rhiaoma
1052 865 1076 917 a
1093 843 1422 938 phyllopodiorum
1445 844 1615 938 partibus

423 995 502 1048 non
520 972 752 1060 meduuosts,
782 971 902 1064 paleis
918 971 1186 1066 radicibusque
1209 971 1398 1046 fibrillosis
1417 970 1615 1044 iberatmn

421 1123 500 1174 una
537 1122 626 1174 cum
661 1099 912 1194 phyllopodiis
959 1099 1201 1172 decorticms
1245 1105 1354 1172 caute
1387 1099 1552 1172 siccetur
1581 1105 1618 1171 et

422 1227 546 1321 pulvis
563 1228 660 1300 laete
679 1226 806 1298 viridis
826 1225 865 1298 in
882 1226 985 1298 vasis
1004 1225 1103 1298 bene
1122 1225 1318 1316 obtinetis
1336 1225 1411 1299 luci
1427 1225 1616 1319 imperviis

422 1361 604 1428 saneim.
624 1354 753 1428 Pulvis
770 1352 907 1427 coloris
925 1353 1052 1427 floridi
1070 1359 1136 1428 aut
1153 1354 1403 1428 cinnamum
1416 1353 1614 1428 reiiciatur.

531 1480 614 1575 Ope
642 1480 881 1574 mkroscopii
913 1480 1136 1554 observabis
1176 1481 1433 1574 papencbyma
1461 1482 1617 1556 ecelin

422 1607 468 1680 lis
505 1607 707 1702 polyedris
757 1606 1036 1680 continentibus
1083 1629 1201 1699 grana
1251 1606 1435 1701 simplicia
1479 1609 1616 1701 pusilla

423 1735 536 1828 amyli
580 1735 620 1808 in
665 1736 849 1830 plasmate
897 1735 1369 1823 oleo-resinoso·tannico‚
1417 1735 1615 1810 abundans

421 1862 569 1935 lacunis
600 1862 936 1936 intercellularibus
970 1862 1166 1953 elongatis,
1201 1862 1240 1935 in
1273 1884 1370 1955 quas
1403 1863 1617 1956 prominent

422 1990 577 2064 cellulae
597 1990 770 2083 propriae
790 1989 1015 2064 secretoriae
1039 1989 1249 2082 pirilormes
1273 1995 1339 2063 ant
1361 1991 1614 2082 ampulaceae.

422 2116 643 2190 membrana
675 2116 779 2190 tenui
812 2116 975 2189 suberea
1007 2121 1044 2188 et
1080 2122 1226 2190 secreto
1257 2115 1463 2190 balsamico
1495 2117 1616 2191 viridi·

421 2245 528 2317 fusco
538 2244 758 2331 instructae3
773 2244 941 2320 usuculi
953 2265 1133 2320 vasorum
1144 2244 1379 2334 conceutrici,
1394 2244 1433 2317 in
1448 2245 1614 2318 sectione

420 2371 663 2444 transversali
680 2373 902 2466 plerumque
931 2370 1078 2464 elliptici
1098 2377 1162 2443 aut
1181 2371 1410 2445 orbiculares
1440 2372 1616 2447 exhibent

420 2499 460 2571 in
479 2499 603 2571 medio
623 2521 717 2571 vasa
735 2498 952 2572 trachetdea
971 2499 1130 2571 scalaria
1156 2498 1243 2591 plus
1276 2497 1448 2572 minusve
1479 2500 1613 2592 ampla,

422 2626 653 2703 menindus
679 2633 786 2721 parte
818 2625 1032 2721 pbloimica
1060 2631 1098 2701 et
1125 2625 1393 2701 endodermide
1423 2625 1616 2700 uniseriali

422 2778 442 2829 e
463 2754 604 2828 cellulis
623 2755 878 2849 leptodermis.

537 2884 616 2957 100
628 2887 754 2976 partes
764 2881 919 2955 Radicis
931 2881 1084 2957 minime
1099 2887 1226 2975 partes
1244 2881 1267 2952 8
1283 2881 1438 2954 extracti
1452 2881 1618 2955 aetherei

421 3010 627 3114 praebeant
655 3016 692 3085 et
711 3008 932 3083 combustae
962 3030 1010 3082 ne
1039 3010 1127 3101 plns
1155 3029 1270 3100 quam
1289 3014 1415 3101 partes
1438 3008 1461 3079 3
1482 3008 1617 3082 cineris

423 3136 501 3212 albi
515 3137 738 3228 relinquant

757 3422 936 3557 Radix
973 3422 1283 3559 dundanae.

536 3642 712 3717 Gordiano
741 3645 834 3719 lutea
862 3644 901 3719 L
930 3650 968 3718 el
991 3642 1167 3717 Gentiana
1189 3643 1398 3717 Pannonica
1426 3645 1618 3738 Scopuli,

422 3773 572 3865 plantae
595 3793 792 3865 perennes
812 3771 851 3843 in
869 3771 986 3864 pratis
1007 3771 1215 3867 subalpinis
1235 3775 1273 3844 ct
1292 3771 1426 3865 alpinis
1445 3772 1620 3864 Exnopae

423 3899 569 3975 mediae
588 3905 832 3993 spontaneae.

531 4026 657 4100 Radix
697 4047 868 4115 carnosa,
916 4027 1138 4119 plenumque
1183 4025 1373 4122 pluriceps
1410 4031 1448 4099 et
1483 4047 1617 4118 pamm

424 4176 589 4243 ramosa,
610 4153 808 4227 siccatam
827 4154 1033 4245 segmentis
1054 4154 1299 4228 decimetmm
1317 4159 1354 4228 et
1371 4155 1470 4227 ultra
1483 4153 1619 4247 longis.

426 4285 531 4359 u-5
575 4285 793 4358 continens
839 4282 977 4356 crassis
1031 4282 1251 4375 cylindrieis,
1308 4281 1498 4355 interdum
1553 4300 1621 4374 per

423 4411 695 4503 longitudinem
716 4411 839 4499 seclis,
861 4429 1024 4503 superne
1045 4410 1192 4482 annulis
1214 4409 1479 4502 approximatis
1498 4414 1619 4482 trans·

423 4538 573 4627 veru‘m,
609 4544 801 4613 caeterum
832 4537 1149 4629 longitudioaliter
1186 4557 1319 4628 grosse
1353 4534 1515 4628 rugosis
1555 4556 1616 4607 ex·

424 4672 589 4739 trorsum
627 4665 927 4755 subrufo-fuscis,
975 4664 1179 4737 introrsum
1227 4665 1351 4738 colore
1385 4662 1620 4747 fusco-ssavo,
