<?xml version="1.0" encoding="UTF-8"?>
<!DOCTYPE html PUBLIC "-//W3C//DTD XHTML 1.0 Transitional//EN"
    "http://www.w3.org/TR/xhtml1/DTD/xhtml1-transitional.dtd">
<html xmlns="http://www.w3.org/1999/xhtml" xml:lang="en" lang="en">
 <head>
  <title>
</title>
<meta http-equiv="Content-Type" content="text/html;charset=utf-8" />
  <meta name='ocr-system' content='tesseract 3.04.00' />
  <meta name='ocr-capabilities' content='ocr_page ocr_carea ocr_par ocr_line ocrx_word'/>
</head>
<body>
  <div class='ocr_page' id='page_1' title='image "./pharmacopoeaaus00innegoog_0377.png"; bbox 0 0 3725 5400; ppageno 0'>
   <div class='ocr_carea' id='block_1_1' title="bbox 525 469 924 541">
    <p class='ocr_par' dir='ltr' id='par_1_1' title="bbox 525 469 924 541">
     <span class='ocr_line' id='line_1_1' title="bbox 525 469 924 541; baseline 0 0"><span class='ocrx_word' id='word_1_1' title='bbox 525 509 527 516; x_wconf 45' lang='lat'>,</span> <span class='ocrx_word' id='word_1_2' title='bbox 680 469 924 541; x_wconf 83' lang='lat'><strong>—339—</strong></span> 
     </span>
    </p>
   </div>
   <div class='ocr_carea' id='block_1_2' title="bbox 132 686 1399 3462">
    <p class='ocr_par' dir='ltr' id='par_1_2' title="bbox 202 686 1399 1398">
     <span class='ocr_line' id='line_1_2' title="bbox 204 686 1399 780; baseline 0.001 -21"><span class='ocrx_word' id='word_1_3' title='bbox 204 687 345 778; x_wconf 82' lang='lat' dir='ltr'>rugosi,</span> <span class='ocrx_word' id='word_1_4' title='bbox 366 687 546 777; x_wconf 80' lang='lat' dir='ltr'><strong>subfusci,</strong></span> <span class='ocrx_word' id='word_1_5' title='bbox 565 689 785 780; x_wconf 87' lang='lat' dir='ltr'>plerumque</span> <span class='ocrx_word' id='word_1_6' title='bbox 805 687 958 780; x_wconf 88' lang='lat' dir='ltr'>pulvere</span> <span class='ocrx_word' id='word_1_7' title='bbox 988 686 1073 759; x_wconf 88' lang='lat' dir='ltr'>albo</span> <span class='ocrx_word' id='word_1_8' title='bbox 1103 687 1286 780; x_wconf 78' lang='lat' dir='ltr'>adspersi,</span> <span class='ocrx_word' id='word_1_9' title='bbox 1317 689 1399 762; x_wconf 89' lang='lat' dir='ltr'>basi</span> 
     </span>
     <span class='ocr_line' id='line_1_3' title="bbox 202 813 1398 908; baseline 0.003 -22"><span class='ocrx_word' id='word_1_10' title='bbox 202 814 290 903; x_wconf 89' lang='lat' dir='ltr'>hilo,</span> <span class='ocrx_word' id='word_1_11' title='bbox 306 814 409 907; x_wconf 82' lang='lat' dir='ltr'>apice</span> <span class='ocrx_word' id='word_1_12' title='bbox 426 814 579 887; x_wconf 84' lang='lat' dir='ltr'>chalaza</span> <span class='ocrx_word' id='word_1_13' title='bbox 594 820 630 888; x_wconf 91' lang='lat' dir='ltr'>et</span> <span class='ocrx_word' id='word_1_14' title='bbox 643 815 682 887; x_wconf 91' lang='lat' dir='ltr'>in</span> <span class='ocrx_word' id='word_1_15' title='bbox 696 818 801 907; x_wconf 88' lang='lat' dir='ltr'>parte</span> <span class='ocrx_word' id='word_1_16' title='bbox 817 814 943 906; x_wconf 89' lang='lat' dir='ltr'>paullo</span> <span class='ocrx_word' id='word_1_17' title='bbox 958 813 1084 886; x_wconf 89' lang='lat' dir='ltr'>minus</span> <span class='ocrx_word' id='word_1_18' title='bbox 1100 836 1268 889; x_wconf 83' lang='lat' dir='ltr'>convexa</span> <span class='ocrx_word' id='word_1_19' title='bbox 1282 815 1398 908; x_wconf 88' lang='lat' dir='ltr'>raphe</span> 
     </span>
     <span class='ocr_line' id='line_1_4' title="bbox 203 941 1398 1034; baseline 0.002 -20"><span class='ocrx_word' id='word_1_20' title='bbox 203 943 348 1015; x_wconf 87' lang='lat' dir='ltr'>sulcata</span> <span class='ocrx_word' id='word_1_21' title='bbox 375 941 557 1031; x_wconf 71' lang='lat' dir='ltr'>instructi,</span> <span class='ocrx_word' id='word_1_22' title='bbox 593 941 782 1015; x_wconf 87' lang='lat' dir='ltr'>albumine</span> <span class='ocrx_word' id='word_1_23' title='bbox 807 941 1134 1031; x_wconf 86' lang='lat' dir='ltr'>oleoso-farinoso,</span> <span class='ocrx_word' id='word_1_24' title='bbox 1169 942 1398 1034; x_wconf 86' lang='lat' dir='ltr'>grisco-albo</span> 
     </span>
     <span class='ocr_line' id='line_1_5' title="bbox 202 1068 1398 1162; baseline 0.002 -21"><span class='ocrx_word' id='word_1_25' title='bbox 202 1069 307 1162; x_wconf 89' lang='lat' dir='ltr'>plicis</span> <span class='ocrx_word' id='word_1_26' title='bbox 337 1070 578 1142; x_wconf 88' lang='lat' dir='ltr'>membranae</span> <span class='ocrx_word' id='word_1_27' title='bbox 608 1068 853 1161; x_wconf 71' lang='lat' dir='ltr'>integumenti</span> <span class='ocrx_word' id='word_1_28' title='bbox 885 1069 1053 1142; x_wconf 88' lang='lat' dir='ltr'>internae</span> <span class='ocrx_word' id='word_1_29' title='bbox 1093 1069 1253 1143; x_wconf 83' lang='lat' dir='ltr'>obscure</span> <span class='ocrx_word' id='word_1_30' title='bbox 1287 1071 1398 1144; x_wconf 85' lang='lat' dir='ltr'>fulvis</span> 
     </span>
     <span class='ocr_line' id='line_1_6' title="bbox 202 1196 1398 1292; baseline 0.001 -23"><span class='ocrx_word' id='word_1_31' title='bbox 202 1197 402 1285; x_wconf 89' lang='lat' dir='ltr'>ruminato,</span> <span class='ocrx_word' id='word_1_32' title='bbox 423 1197 504 1269; x_wconf 89' lang='lat' dir='ltr'>basi</span> <span class='ocrx_word' id='word_1_33' title='bbox 525 1198 769 1289; x_wconf 88' lang='lat' dir='ltr'>embryonem</span> <span class='ocrx_word' id='word_1_34' title='bbox 789 1196 1018 1285; x_wconf 69' lang='lat' dir='ltr'>continente</span> <span class='ocrx_word' id='word_1_35' title='bbox 1049 1196 1176 1270; x_wconf 93' lang='lat' dir='ltr'>odoris</span> <span class='ocrx_word' id='word_1_36' title='bbox 1196 1203 1233 1271; x_wconf 91' lang='lat' dir='ltr'>et</span> <span class='ocrx_word' id='word_1_37' title='bbox 1251 1198 1398 1292; x_wconf 88' lang='lat' dir='ltr'>saporis</span> 
     </span>
     <span class='ocr_line' id='line_1_7' title="bbox 203 1324 556 1398; baseline -0.003 0"><span class='ocrx_word' id='word_1_38' title='bbox 203 1324 333 1398; x_wconf 84' lang='lat' dir='ltr'>eximie</span> <span class='ocrx_word' id='word_1_39' title='bbox 354 1324 556 1397; x_wconf 83' lang='lat' dir='ltr'>aromatici.</span> 
     </span>
    </p>

    <p class='ocr_par' dir='ltr' id='par_1_3' title="bbox 132 1451 1397 2823">
     <span class='ocr_line' id='line_1_8' title="bbox 309 1451 1397 1545; baseline 0.003 -21"><span class='ocrx_word' id='word_1_40' title='bbox 309 1452 435 1526; x_wconf 89' lang='lat' dir='ltr'>Pulvis</span> <span class='ocrx_word' id='word_1_41' title='bbox 455 1451 716 1544; x_wconf 73' lang='lat' dir='ltr'>grisco-albus</span> <span class='ocrx_word' id='word_1_42' title='bbox 739 1473 810 1545; x_wconf 89' lang='lat' dir='ltr'>ope</span> <span class='ocrx_word' id='word_1_43' title='bbox 836 1451 1073 1545; x_wconf 89' lang='lat' dir='ltr'>microscopii</span> <span class='ocrx_word' id='word_1_44' title='bbox 1093 1454 1307 1545; x_wconf 86' lang='lat' dir='ltr'>exploratus</span> <span class='ocrx_word' id='word_1_45' title='bbox 1337 1476 1397 1527; x_wconf 85' lang='lat' dir='ltr'>ex·</span> 
     </span>
     <span class='ocr_line' id='line_1_9' title="bbox 200 1578 1396 1674; baseline 0.001 -21"><span class='ocrx_word' id='word_1_46' title='bbox 200 1580 303 1654; x_wconf 89' lang='lat' dir='ltr'>hibet</span> <span class='ocrx_word' id='word_1_47' title='bbox 321 1579 540 1673; x_wconf 84' lang='lat' dir='ltr'>praeprimis</span> <span class='ocrx_word' id='word_1_48' title='bbox 560 1582 770 1671; x_wconf 88' lang='lat' dir='ltr'>fragmenta</span> <span class='ocrx_word' id='word_1_49' title='bbox 788 1578 1090 1672; x_wconf 89' lang='lat' dir='ltr'>parenchymatis</span> <span class='ocrx_word' id='word_1_50' title='bbox 1110 1579 1361 1674; x_wconf 88' lang='lat' dir='ltr'>endospermii</span> <span class='ocrx_word' id='word_1_51' title='bbox 1376 1603 1396 1654; x_wconf 92' lang='lat' dir='ltr'>e</span> 
     </span>
     <span class='ocr_line' id='line_1_10' title="bbox 202 1706 1396 1801; baseline 0.001 -21"><span class='ocrx_word' id='word_1_52' title='bbox 202 1708 342 1781; x_wconf 88' lang='lat' dir='ltr'>cellulis</span> <span class='ocrx_word' id='word_1_53' title='bbox 357 1707 598 1801; x_wconf 90' lang='lat' dir='ltr'>leptodermis</span> <span class='ocrx_word' id='word_1_54' title='bbox 613 1707 802 1800; x_wconf 90' lang='lat' dir='ltr'>polyedris</span> <span class='ocrx_word' id='word_1_55' title='bbox 818 1706 1068 1796; x_wconf 81' lang='lat' dir='ltr'>decoloribus,</span> <span class='ocrx_word' id='word_1_56' title='bbox 1090 1728 1208 1798; x_wconf 88' lang='lat' dir='ltr'>grana</span> <span class='ocrx_word' id='word_1_57' title='bbox 1226 1708 1339 1801; x_wconf 87' lang='lat' dir='ltr'>amyli</span> <span class='ocrx_word' id='word_1_58' title='bbox 1357 1708 1396 1781; x_wconf 88' lang='lat' dir='ltr'>in</span> 
     </span>
     <span class='ocr_line' id='line_1_11' title="bbox 199 1834 1393 1929; baseline 0.001 -21"><span class='ocrx_word' id='word_1_59' title='bbox 199 1836 382 1929; x_wconf 89' lang='lat' dir='ltr'>plasmate</span> <span class='ocrx_word' id='word_1_60' title='bbox 398 1835 527 1908; x_wconf 90' lang='lat' dir='ltr'>oleoso</span> <span class='ocrx_word' id='word_1_61' title='bbox 544 1839 581 1907; x_wconf 90' lang='lat' dir='ltr'>et</span> <span class='ocrx_word' id='word_1_62' title='bbox 595 1856 713 1927; x_wconf 89' lang='lat' dir='ltr'>grana</span> <span class='ocrx_word' id='word_1_63' title='bbox 727 1834 856 1924; x_wconf 85' lang='lat' dir='ltr'>alcuri,</span> <span class='ocrx_word' id='word_1_64' title='bbox 873 1855 988 1927; x_wconf 88' lang='lat' dir='ltr'>saepe</span> <span class='ocrx_word' id='word_1_65' title='bbox 1004 1834 1212 1907; x_wconf 89' lang='lat' dir='ltr'>solitarium</span> <span class='ocrx_word' id='word_1_66' title='bbox 1227 1837 1393 1929; x_wconf 92' lang='lat' dir='ltr'>amplum</span> 
     </span>
     <span class='ocr_line' id='line_1_12' title="bbox 200 1961 1395 2058; baseline 0.002 -23"><span class='ocrx_word' id='word_1_67' title='bbox 200 1962 501 2054; x_wconf 87' lang='lat' dir='ltr'>crystalloideum</span> <span class='ocrx_word' id='word_1_68' title='bbox 529 1961 817 2051; x_wconf 72' lang='lat' dir='ltr'>includentibus</span> <span class='ocrx_word' id='word_1_69' title='bbox 847 1963 988 2054; x_wconf 88' lang='lat' dir='ltr'>ubique</span> <span class='ocrx_word' id='word_1_70' title='bbox 1008 1983 1125 2053; x_wconf 88' lang='lat' dir='ltr'>grana</span> <span class='ocrx_word' id='word_1_71' title='bbox 1154 1964 1266 2056; x_wconf 82' lang='lat' dir='ltr'>amyli</span> <span class='ocrx_word' id='word_1_72' title='bbox 1284 1986 1395 2058; x_wconf 89' lang='lat' dir='ltr'>regu-</span> 
     </span>
     <span class='ocr_line' id='line_1_13' title="bbox 198 2089 1395 2186; baseline 0.003 -24"><span class='ocrx_word' id='word_1_73' title='bbox 198 2090 323 2163; x_wconf 87' lang='lat' dir='ltr'>lariter</span> <span class='ocrx_word' id='word_1_74' title='bbox 342 2089 561 2182; x_wconf 87' lang='lat' dir='ltr'>composita,</span> <span class='ocrx_word' id='word_1_75' title='bbox 595 2089 797 2182; x_wconf 89' lang='lat' dir='ltr'>particulas</span> <span class='ocrx_word' id='word_1_76' title='bbox 826 2089 1061 2163; x_wconf 87' lang='lat' dir='ltr'>substantiae</span> <span class='ocrx_word' id='word_1_77' title='bbox 1090 2090 1239 2183; x_wconf 86' lang='lat' dir='ltr'>pinguis</span> <span class='ocrx_word' id='word_1_78' title='bbox 1259 2091 1395 2186; x_wconf 84' lang='lat' dir='ltr'>partim</span> 
     </span>
     <span class='ocr_line' id='line_1_14' title="bbox 197 2217 1393 2312; baseline 0.003 -22"><span class='ocrx_word' id='word_1_79' title='bbox 197 2218 237 2290; x_wconf 91' lang='lat' dir='ltr'>in</span> <span class='ocrx_word' id='word_1_80' title='bbox 270 2219 452 2310; x_wconf 85' lang='lat' dir='ltr'>crystallis</span> <span class='ocrx_word' id='word_1_81' title='bbox 486 2218 733 2291; x_wconf 90' lang='lat' dir='ltr'>acicularibus</span> <span class='ocrx_word' id='word_1_82' title='bbox 753 2217 926 2290; x_wconf 91' lang='lat' dir='ltr'>radiatim</span> <span class='ocrx_word' id='word_1_83' title='bbox 950 2218 1170 2310; x_wconf 85' lang='lat' dir='ltr'>aggregatis,</span> <span class='ocrx_word' id='word_1_84' title='bbox 1191 2220 1393 2312; x_wconf 86' lang='lat' dir='ltr'>particulas</span> 
     </span>
     <span class='ocr_line' id='line_1_15' title="bbox 198 2344 1393 2440; baseline 0.003 -23"><span class='ocrx_word' id='word_1_85' title='bbox 198 2346 377 2439; x_wconf 76' lang='lat' dir='ltr'>pigmenti</span> <span class='ocrx_word' id='word_1_86' title='bbox 406 2346 492 2419; x_wconf 88' lang='lat' dir='ltr'>flavi</span> <span class='ocrx_word' id='word_1_87' title='bbox 511 2351 576 2418; x_wconf 88' lang='lat' dir='ltr'>aut</span> <span class='ocrx_word' id='word_1_88' title='bbox 599 2345 731 2418; x_wconf 83' lang='lat' dir='ltr'>rubro·</span> <span class='ocrx_word' id='word_1_89' title='bbox 750 2344 847 2418; x_wconf 85' lang='lat' dir='ltr'>lusci</span> <span class='ocrx_word' id='word_1_90' title='bbox 871 2349 908 2418; x_wconf 94' lang='lat' dir='ltr'>et</span> <span class='ocrx_word' id='word_1_91' title='bbox 936 2346 1090 2418; x_wconf 88' lang='lat' dir='ltr'>cellulas</span> <span class='ocrx_word' id='word_1_92' title='bbox 1109 2344 1183 2419; x_wconf 85' lang='lat' dir='ltr'>hoc</span> <span class='ocrx_word' id='word_1_93' title='bbox 1202 2346 1393 2440; x_wconf 86' lang='lat' dir='ltr'>pigmento</span> 
     </span>
     <span class='ocr_line' id='line_1_16' title="bbox 197 2472 1392 2566; baseline 0.001 -20"><span class='ocrx_word' id='word_1_94' title='bbox 197 2473 400 2546; x_wconf 81' lang='lat' dir='ltr'>instructas</span> <span class='ocrx_word' id='word_1_95' title='bbox 416 2495 486 2546; x_wconf 89' lang='lat' dir='ltr'>nec</span> <span class='ocrx_word' id='word_1_96' title='bbox 506 2495 584 2546; x_wconf 92' lang='lat' dir='ltr'>non</span> <span class='ocrx_word' id='word_1_97' title='bbox 603 2473 814 2564; x_wconf 84' lang='lat' dir='ltr'>fragmenta</span> <span class='ocrx_word' id='word_1_98' title='bbox 827 2472 1072 2566; x_wconf 88' lang='lat' dir='ltr'>perispermii,</span> <span class='ocrx_word' id='word_1_99' title='bbox 1092 2473 1392 2565; x_wconf 81' lang='lat' dir='ltr'>integumentum</span> 
     </span>
     <span class='ocr_line' id='line_1_17' title="bbox 132 2599 1390 2695; baseline 0.002 -22"><span class='ocrx_word' id='word_1_100' title='bbox 132 2619 134 2624; x_wconf 73' lang='grc'>’</span> <span class='ocrx_word' id='word_1_101' title='bbox 197 2601 320 2674; x_wconf 90' lang='lat' dir='ltr'>nuclei</span> <span class='ocrx_word' id='word_1_102' title='bbox 349 2601 558 2690; x_wconf 75' lang='lat' dir='ltr'>formantis</span> <span class='ocrx_word' id='word_1_103' title='bbox 588 2622 608 2673; x_wconf 93' lang='lat' dir='ltr'>e</span> <span class='ocrx_word' id='word_1_104' title='bbox 642 2599 783 2674; x_wconf 89' lang='lat' dir='ltr'>cellulis</span> <span class='ocrx_word' id='word_1_105' title='bbox 820 2600 1011 2694; x_wconf 89' lang='lat' dir='ltr'>polyedris</span> <span class='ocrx_word' id='word_1_106' title='bbox 1039 2601 1158 2673; x_wconf 88' lang='lat' dir='ltr'>fuscis</span> <span class='ocrx_word' id='word_1_107' title='bbox 1187 2623 1255 2694; x_wconf 91' lang='lat' dir='ltr'>pro</span> <span class='ocrx_word' id='word_1_108' title='bbox 1284 2607 1390 2695; x_wconf 88' lang='lat' dir='ltr'>parte</span> 
     </span>
     <span class='ocr_line' id='line_1_18' title="bbox 198 2730 659 2823; baseline -0.002 -21"><span class='ocrx_word' id='word_1_109' title='bbox 198 2730 281 2802; x_wconf 92' lang='lat' dir='ltr'>oleo</span> <span class='ocrx_word' id='word_1_110' title='bbox 302 2731 477 2804; x_wconf 88' lang='lat' dir='ltr'>aethereo</span> <span class='ocrx_word' id='word_1_111' title='bbox 497 2730 659 2823; x_wconf 88' lang='lat' dir='ltr'>repletis.</span> 
     </span>
    </p>

    <p class='ocr_par' dir='ltr' id='par_1_4' title="bbox 198 2859 1391 3080">
     <span class='ocr_line' id='line_1_19' title="bbox 310 2859 1391 2952; baseline 0.002 -22"><span class='ocrx_word' id='word_1_112' title='bbox 310 2859 385 2931; x_wconf 85' lang='lat'>100</span> <span class='ocrx_word' id='word_1_113' title='bbox 404 2861 530 2951; x_wconf 90' lang='lat' dir='ltr'>partes</span> <span class='ocrx_word' id='word_1_114' title='bbox 550 2859 685 2931; x_wconf 91' lang='lat' dir='ltr'>mercis</span> <span class='ocrx_word' id='word_1_115' title='bbox 710 2880 758 2931; x_wconf 88' lang='lat' dir='ltr'>ne</span> <span class='ocrx_word' id='word_1_116' title='bbox 786 2859 871 2951; x_wconf 87' lang='lat' dir='ltr'>plus</span> <span class='ocrx_word' id='word_1_117' title='bbox 902 2880 1016 2951; x_wconf 87' lang='lat' dir='ltr'>quam</span> <span class='ocrx_word' id='word_1_118' title='bbox 1045 2863 1171 2952; x_wconf 84' lang='lat' dir='ltr'>partes</span> <span class='ocrx_word' id='word_1_119' title='bbox 1202 2860 1225 2932; x_wconf 85' lang='lat'>3</span> <span class='ocrx_word' id='word_1_120' title='bbox 1256 2859 1391 2932; x_wconf 89' lang='lat' dir='ltr'>cineris</span> 
     </span>
     <span class='ocr_line' id='line_1_20' title="bbox 198 2985 514 3080; baseline 0.006 -23"><span class='ocrx_word' id='word_1_121' title='bbox 198 2985 272 3058; x_wconf 91' lang='lat' dir='ltr'>albi</span> <span class='ocrx_word' id='word_1_122' title='bbox 291 2986 514 3080; x_wconf 89' lang='lat' dir='ltr'>relinquant.</span> 
     </span>
    </p>

    <p class='ocr_par' dir='ltr' id='par_1_5' title="bbox 195 3114 1391 3462">
     <span class='ocr_line' id='line_1_21' title="bbox 305 3114 1391 3206; baseline 0.002 -20"><span class='ocrx_word' id='word_1_123' title='bbox 305 3114 433 3188; x_wconf 88' lang='lat' dir='ltr'>Nuclei</span> <span class='ocrx_word' id='word_1_124' title='bbox 447 3115 597 3204; x_wconf 92' lang='lat' dir='ltr'>mucidi,</span> <span class='ocrx_word' id='word_1_125' title='bbox 613 3118 727 3206; x_wconf 77' lang='lat' dir='ltr'>leveS,</span> <span class='ocrx_word' id='word_1_126' title='bbox 744 3116 791 3189; x_wconf 92' lang='lat' dir='ltr'>ab</span> <span class='ocrx_word' id='word_1_127' title='bbox 805 3115 958 3189; x_wconf 89' lang='lat' dir='ltr'>insectis</span> <span class='ocrx_word' id='word_1_128' title='bbox 975 3116 1127 3204; x_wconf 89' lang='lat' dir='ltr'>corrosi,</span> <span class='ocrx_word' id='word_1_129' title='bbox 1147 3138 1310 3189; x_wconf 88' lang='lat' dir='ltr'>necnon</span> <span class='ocrx_word' id='word_1_130' title='bbox 1326 3117 1391 3188; x_wconf 94' lang='lat' dir='ltr'>ob·</span> 
     </span>
     <span class='ocr_line' id='line_1_22' title="bbox 195 3241 1391 3341; baseline 0.002 -29"><span class='ocrx_word' id='word_1_131' title='bbox 195 3241 307 3332; x_wconf 91' lang='lat' dir='ltr'>longi,</span> <span class='ocrx_word' id='word_1_132' title='bbox 337 3242 483 3335; x_wconf 89' lang='lat' dir='ltr'>saporis</span> <span class='ocrx_word' id='word_1_133' title='bbox 517 3249 554 3317; x_wconf 85' lang='lat' dir='ltr'>et</span> <span class='ocrx_word' id='word_1_134' title='bbox 588 3243 714 3316; x_wconf 89' lang='lat' dir='ltr'>odoris</span> <span class='ocrx_word' id='word_1_135' title='bbox 744 3243 932 3317; x_wconf 88' lang='lat' dir='ltr'>debilioris</span> <span class='ocrx_word' id='word_1_136' title='bbox 964 3242 1171 3341; x_wconf 76' lang='lat' dir='ltr'>Myristicae</span> <span class='ocrx_word' id='word_1_137' title='bbox 1209 3248 1391 3340; x_wconf 72' lang='lat' dir='ltr'>argenteae</span> 
     </span>
     <span class='ocr_line' id='line_1_23' title="bbox 198 3368 832 3462; baseline 0.008 -24"><span class='ocrx_word' id='word_1_138' title='bbox 198 3368 353 3459; x_wconf 86' lang='lat' dir='ltr'>(Warb.)</span> <span class='ocrx_word' id='word_1_139' title='bbox 373 3372 586 3462; x_wconf 76' lang='lat' dir='ltr'>progenies</span> <span class='ocrx_word' id='word_1_140' title='bbox 607 3370 832 3444; x_wconf 88' lang='lat' dir='ltr'>rciiciantnr.</span> 
     </span>
    </p>
   </div>
   <div class='ocr_carea' id='block_1_3' title="bbox 559 3711 1035 3859">
    <p class='ocr_par' dir='ltr' id='par_1_6' title="bbox 559 3711 1035 3859">
     <span class='ocr_line' id='line_1_24' title="bbox 559 3711 1035 3859; baseline -0.004 -11"><span class='ocrx_word' id='word_1_141' title='bbox 559 3711 750 3849; x_wconf 84' lang='lat' dir='ltr'>Senon</span> <span class='ocrx_word' id='word_1_142' title='bbox 781 3712 1035 3859; x_wconf 77' lang='lat' dir='ltr'>Quercus,</span> 
     </span>
    </p>
   </div>
   <div class='ocr_carea' id='block_1_4' title="bbox 194 4006 1391 4610">
    <p class='ocr_par' dir='ltr' id='par_1_7' title="bbox 198 4006 1390 4226">
     <span class='ocr_line' id='line_1_25' title="bbox 309 4006 1390 4104; baseline 0.002 -25"><span class='ocrx_word' id='word_1_143' title='bbox 309 4008 461 4099; x_wconf 67' lang='lat' dir='ltr'>Quernas</span> <span class='ocrx_word' id='word_1_144' title='bbox 487 4007 727 4104; x_wconf 66' lang='lat' dir='ltr'>petiunculam</span> <span class='ocrx_word' id='word_1_145' title='bbox 769 4014 806 4082; x_wconf 90' lang='lat' dir='ltr'>et</span> <span class='ocrx_word' id='word_1_146' title='bbox 849 4009 1002 4101; x_wconf 77' lang='lat' dir='ltr'>Quercus</span> <span class='ocrx_word' id='word_1_147' title='bbox 1033 4006 1250 4103; x_wconf 72' lang='lat' dir='ltr'>smsiliy‘iora,</span> <span class='ocrx_word' id='word_1_148' title='bbox 1291 4007 1390 4083; x_wconf 85' lang='lat' dir='ltr'>vide:</span> 
     </span>
     <span class='ocr_line' id='line_1_26' title="bbox 198 4131 505 4226; baseline 0.003 -20"><span class='ocrx_word' id='word_1_149' title='bbox 198 4131 321 4207; x_wconf 78' lang='lat' dir='ltr'>Cortex</span> <span class='ocrx_word' id='word_1_150' title='bbox 345 4133 505 4226; x_wconf 70' lang='lat' dir='ltr'>Quercus,</span> 
     </span>
    </p>

    <p class='ocr_par' dir='ltr' id='par_1_8' title="bbox 194 4262 1391 4610">
     <span class='ocr_line' id='line_1_27' title="bbox 304 4262 1390 4336; baseline 0.001 -1"><span class='ocrx_word' id='word_1_151' title='bbox 304 4262 455 4336; x_wconf 88' lang='lat' dir='ltr'>Semina</span> <span class='ocrx_word' id='word_1_152' title='bbox 487 4263 773 4336; x_wconf 88' lang='lat' dir='ltr'>exalbuminosa</span> <span class='ocrx_word' id='word_1_153' title='bbox 805 4267 954 4336; x_wconf 89' lang='lat' dir='ltr'>matura</span> <span class='ocrx_word' id='word_1_154' title='bbox 991 4262 1131 4336; x_wconf 89' lang='lat' dir='ltr'>siccata</span> <span class='ocrx_word' id='word_1_155' title='bbox 1165 4267 1390 4336; x_wconf 87' lang='lat' dir='ltr'>constante</span> 
     </span>
     <span class='ocr_line' id='line_1_28' title="bbox 196 4389 1391 4484; baseline 0 -22"><span class='ocrx_word' id='word_1_156' title='bbox 196 4390 481 4482; x_wconf 86' lang='lat' dir='ltr'>cotyledonibus</span> <span class='ocrx_word' id='word_1_157' title='bbox 501 4390 661 4480; x_wconf 71' lang='lat' dir='ltr'>duobus</span> <span class='ocrx_word' id='word_1_158' title='bbox 690 4412 804 4484; x_wconf 89' lang='lat' dir='ltr'>saepe</span> <span class='ocrx_word' id='word_1_159' title='bbox 822 4390 899 4463; x_wconf 89' lang='lat' dir='ltr'>iam</span> <span class='ocrx_word' id='word_1_160' title='bbox 924 4389 1119 4484; x_wconf 87' lang='lat' dir='ltr'>separatis,</span> <span class='ocrx_word' id='word_1_161' title='bbox 1141 4389 1313 4481; x_wconf 86' lang='lat' dir='ltr'>oblongis</span> <span class='ocrx_word' id='word_1_162' title='bbox 1332 4391 1391 4463; x_wconf 89' lang='lat' dir='ltr'>vel</span> 
     </span>
     <span class='ocr_line' id='line_1_29' title="bbox 194 4516 1387 4610; baseline 0.001 -21"><span class='ocrx_word' id='word_1_163' title='bbox 194 4516 507 4610; x_wconf 88' lang='lat' dir='ltr'>ovato-oblongis,</span> <span class='ocrx_word' id='word_1_164' title='bbox 565 4518 710 4591; x_wconf 77' lang='lat' dir='ltr'>a-a·5</span> <span class='ocrx_word' id='word_1_165' title='bbox 765 4517 985 4591; x_wconf 88' lang='lat' dir='ltr'>centimetra</span> <span class='ocrx_word' id='word_1_166' title='bbox 1035 4517 1170 4608; x_wconf 78' lang='lat' dir='ltr'>longiS,</span> <span class='ocrx_word' id='word_1_167' title='bbox 1234 4516 1387 4607; x_wconf 70' lang='lat' dir='ltr'>crassis</span> 
     </span>
    </p>
   </div>
   <div class='ocr_carea' id='block_1_5' title="bbox 195 4644 1388 4838">
    <p class='ocr_par' dir='ltr' id='par_1_9' title="bbox 195 4644 1388 4838">
     <span class='ocr_line' id='line_1_30' title="bbox 195 4644 1388 4739; baseline 0.001 -22"><span class='ocrx_word' id='word_1_168' title='bbox 195 4645 310 4734; x_wconf 91' lang='lat' dir='ltr'>duris,</span> <span class='ocrx_word' id='word_1_169' title='bbox 353 4645 493 4738; x_wconf 91' lang='lat' dir='ltr'>rigidis,</span> <span class='ocrx_word' id='word_1_170' title='bbox 539 4645 675 4739; x_wconf 88' lang='lat' dir='ltr'>pallide</span> <span class='ocrx_word' id='word_1_171' title='bbox 718 4644 921 4735; x_wconf 77' lang='lat' dir='ltr'>subfusciS,</span> <span class='ocrx_word' id='word_1_172' title='bbox 970 4645 1008 4718; x_wconf 90' lang='lat' dir='ltr'>in</span> <span class='ocrx_word' id='word_1_173' title='bbox 1056 4645 1171 4717; x_wconf 89' lang='lat' dir='ltr'>dorso</span> <span class='ocrx_word' id='word_1_174' title='bbox 1220 4666 1388 4718; x_wconf 84' lang='lat' dir='ltr'>convexo</span> 
     </span>
     <span class='ocr_line' id='line_1_31' title="bbox 1119 4782 1170 4838; baseline -0.059 0"><span class='ocrx_word' id='word_1_175' title='bbox 1119 4782 1170 4838; x_wconf 77' lang='lat' dir='ltr'>aa·</span> 
     </span>
    </p>
   </div>
   <div class='ocr_carea' id='block_1_6' title="bbox 0 0 1868 5400">
    <p class='ocr_par' dir='ltr' id='par_1_10' title="bbox 0 0 1868 5400">
     <span class='ocr_line' id='line_1_32' title="bbox 0 0 1868 5400; baseline 0 5"><span class='ocrx_word' id='word_1_176' title='bbox 0 0 1868 5400; x_wconf 95' lang='lat' dir='ltr'> </span> 
     </span>
    </p>
   </div>
  </div>
 </body>
</html>
