3725 5400
715 400 959 514 -n'or-

603 655 786 793 llleun
811 656 1064 828 luniperi.

346 879 481 954 Oleum
499 878 728 967 aethereum,
759 899 780 950 e
807 877 990 951 fructibus
1020 876 1181 972 Iuoipreu'
1209 876 1434 993 destillando

236 1015 410 1103 paratum
429 1007 478 1082 sit
495 1007 701 1100 limpidum,
723 1007 876 1081 decolor
902 1009 963 1081 vel
977 1029 997 1081 e
1012 1007 1119 1080 viridi
1134 1007 1284 1095 flavum,
1305 1012 1431 1095 tenue,

238 1136 365 1210 odoris
399 1141 436 1209 et
467 1135 613 1230 saporis
645 1135 785 1229 proprii
817 1135 1020 1223 aromatici,
1056 1133 1237 1227 ponderis
1271 1133 1440 1228 specifici¹

239 1264 539 1352 0·865-0·880‚
566 1262 606 1335 in
625 1262 757 1355 spiritu
774 1261 850 1334 vini
869 1284 1003 1359 parum
1023 1260 1192 1333 solubile.

350 1494 534 1630 Oleum
559 1493 797 1666 luniperi
825 1494 1343 1666 empyreuuaticun.

649 1700 792 1783 Oleum
825 1704 1024 1782 oudinum.

347 1861 504 1953 Eligno
532 1860 696 1957 iuniperi
732 1860 899 1959 Ocycerlri
936 1856 1005 1960 (11.)
1046 1860 1293 1935 destillatione
1334 1860 1437 1932 sicea

238 1990 435 2062 obtentum
453 1990 578 2062 oleum
603 1989 975 2083 empyreumatioum;
1009 1987 1058 2061 sit
1086 1989 1246 2061 obscure
1273 1987 1434 2076 luscum,

150 2164 152 2169 -
237 2097 537 2209 spissiuseulum,
566 2115 659 2210 picis
677 2115 839 2208 liquidae
868 2115 998 2204 simile,
1019 2115 1182 2188 maxima
1210 2136 1230 2188 e
1260 2118 1367 2208 parte
1396 2113 1435 2186 in

238 2243 388 2316 aethere
408 2244 576 2317 solubile.

347 2370 440 2443 Pars
469 2372 485 2442 1
520 2370 611 2460 Olei,
642 2393 728 2444 cum
755 2372 924 2465 partibus
951 2370 1002 2443 00
1027 2392 1149 2462 aquae
1174 2375 1435 2462 conquassata

238 2497 416 2572 filtratum
448 2498 637 2591 praebeat,
672 2499 776 2592 quod
804 2498 916 2590 guttis
954 2499 1002 2573 15
1036 2496 1224 2570 miscellae
1260 2501 1434 2589 exparte

242 2626 259 2697 1
299 2625 388 2700 ferri
429 2625 717 2719 sesquichlorati
753 2626 866 2699 soluti
904 2630 942 2699 et
977 2625 1147 2719 partibus
1176 2625 1278 2697 1000
1312 2645 1434 2716 aquae

236 2758 389 2847 paratae
409 2753 545 2827 additis
565 2755 729 2827 colorem
747 2755 904 2827 rubrum
922 2753 1189 2847 persistentem
1207 2753 1342 2826 trabat

645 2986 827 3122 llleum
855 2987 1031 3122 Lauri.

344 3207 489 3282 Laurus
508 3206 637 3280 nobilis
656 3209 756 3282 vide:
786 3209 944 3282 Fructus
964 3208 1086 3281 Lauri.

345 3336 539 3429 Pinguedo
565 3358 585 3409 e
608 3336 792 3409 fructibus
812 3336 1025 3409 recentibus
1056 3358 1126 3430 ope
1147 3334 1327 3409 coctionis
1348 3355 1436 3406 cum

238 3485 338 3556 aqua
384 3470 421 3537 et
467 3464 718 3556 expressionis
765 3469 897 3558 parata
947 3464 1131 3556 unguenti
1184 3463 1307 3536 mollis
1347 3483 1435 3535 eon·

238 3592 440 3682 sistentiae,
490 3593 705 3684 granulosa,
754 3592 889 3665 coloris
931 3591 1071 3682 viridis,
1121 3591 1249 3665 odoris
1288 3588 1434 3678 lamini,

239 3720 386 3812 saporis
405 3718 607 3807 balsamici,
627 3719 864 3792 amaricantis
885 3723 922 3792 et
939 3719 1154 3810 unguinosi‚
1182 3721 1436 3810 temperatura

239 3845 315 3918 40ο
337 3845 562 3939 liquescens,
594 3845 773 3939 ponderis
803 3845 968 3937 specifici
1001 3847 1130 3934 0933,
1158 3845 1199 3917 in
1227 3844 1379 3917 aethere
1400 3848 1437 3916 et

240 3972 399 4045 benzolo
418 3973 529 4067 plane
550 3978 587 4046 et
604 3972 754 4067 limpide
775 3973 956 4046 solubilis,

346 4099 440 4173 Pars
466 4103 480 4171 1
506 4100 587 4173 Olei
615 4121 702 4172 curn
729 4100 898 4193 partibus
924 4100 947 4172 0
974 4099 1125 4192 spiritus
1149 4098 1226 4172 vini
1255 4098 1436 4171 calefacta

237 4226 422 4319 liquorem
444 4228 633 4319 praebeat,
665 4228 729 4319 qui
746 4233 833 4320 post
852 4225 1172 4318 refrigerationem
1199 4226 1433 4314 decantatus,

239 4354 366 4428 addita
384 4354 575 4427 ammonia
594 4356 757 4429 colorem
776 4356 925 4428 fuscum
944 4376 993 4428 ne
1013 4353 1155 4427 induat.

346 4481 534 4555 Numerus
567 4482 886 4576 saponilicationis
915 4483 964 4556 sit
998 4481 1224 4570 ubo-ull,
1250 4500 1434 4554 numerus

239 4607 317 4681 iodr'
333 4610 541 4683 67-105.
