3725 5400
739 475 966 551 ..XIX-

361 697 421 777 Eo
444 698 565 777 modo
587 704 677 776 tum
694 722 788 778 oum
805 699 983 791 modicia,
1007 723 1129 802 quam
1147 723 1241 778 cum
1259 700 1446 803 pharma-

253 862 405 967 copolis
426 862 575 965 ubique
596 867 798 941 terrarum
834 864 884 942 de
917 886 1058 942 eorum
1090 864 1309 958 desideriis
1341 889 1445 967 quae

252 1025 448 1105 maiorem
489 1026 810 1106 convenientiam
852 1027 894 1106 in
932 1028 1239 1130 praeparatione
1276 1029 1446 1106 remedi·

253 1212 370 1269 orum
401 1187 824 1293 pharmaceuticorum
864 1190 1062 1293 imprimis
1099 1191 1261 1270 toxicae
1299 1190 1444 1271 indolis

253 1357 492 1457 exposcunt,
516 1376 762 1433 consensum
785 1359 860 1433 est.

361 1516 441 1597 Ubi
479 1517 700 1597 admonitio
738 1522 882 1598 notatu
923 1519 1042 1623 digna
1078 1519 1298 1611 videbatur,
1338 1518 1446 1621 quali

252 1704 350 1760 cura
380 1685 621 1784 praeparata
652 1682 851 1761 servanda
872 1681 963 1774 sint,
993 1681 1049 1760 ibi
1080 1681 1280 1761 monitum
1311 1683 1442 1786 singu·

250 1844 334 1922 lare
357 1843 592 1923 adiunctum
615 1851 689 1923 est.
716 1843 832 1924 Idem
864 1845 988 1923 etiam
1017 1846 1124 1924 valet
1153 1869 1227 1949 pro
1259 1845 1443 1948 simplici·

251 2008 328 2086 bus
351 2008 458 2109 quod
481 2007 629 2086 attinet
649 2009 701 2086 ad
728 2030 870 2086 eorum
901 2014 1033 2087 artem
1065 2014 1107 2086 et
1137 2017 1299 2112 tempus
1331 2033 1380 2087 ea
1402 2012 1444 2087 et

252 2171 461 2274 colligendi
483 2175 525 2249 et
548 2171 733 2251 servandi
756 2178 798 2249 et
818 2172 1048 2250 renovandi.

271 2369 273 2374 ·
360 2332 566 2427 Quantum
607 2335 695 2414 fieri
737 2334 880 2438 potuit,
934 2341 1176 2439 praeparata
1223 2337 1441 2438 diplomate

251 2496 523 2577 commerciali
554 2497 754 2577 inventori
779 2497 942 2576 addicta
973 2521 1054 2577 non
1082 2505 1179 2578 sunt
1212 2505 1375 2585 recepta
1396 2498 1438 2577 in

250 2659 443 2741 codicem.
484 2660 565 2743 Ubi
596 2661 774 2765 receptio
811 2685 893 2741 non
933 2661 1119 2742 evitanda
1152 2666 1250 2757 erat
1290 2686 1440 2743 nomen

248 2824 380 2905 edicto
406 2825 677 2905 commerciali
709 2826 993 2906 confirmatum
1025 2826 1187 2905 nomine
1218 2827 1440 2906 scientifico

249 2988 480 3091 suppletum
503 2994 577 3068 est.

355 3149 726 3233 Nomenclatura
764 3152 1027 3232 articulorum
1065 3153 1146 3232 iam
1183 3154 1224 3233 in
1263 3154 1438 3232 editione

247 3314 339 3394 VH.
368 3314 548 3395 adhibita
587 3316 629 3394 in
668 3316 842 3396 odillone
867 3316 979 3396 VIII.
1020 3318 1199 3397 maxima
1240 3324 1439 3420 exparte

246 3482 406 3557 retenta
445 3484 518 3571 est
557 3480 813 3559 solummodo
850 3481 1123 3560 denominatio
1157 3482 1441 3560 nonnullorum

246 3649 578 3745 praeparatorum
610 3642 886 3722 chemicorum
918 3645 1185 3724 accomodata
1216 3650 1281 3724 est
1315 3644 1441 3723 statui

246 3806 451 3907 praesenti
482 3806 675 3885 scientiae
707 3822 747 3891 et
778 3807 1051 3886 medicamina
1082 3833 1104 3885 e
1136 3832 1260 3911 regno
1282 3814 1440 3911 vegeta-

246 3968 314 4048 bili
336 3969 548 4072 depromta
576 3969 775 4049 intensius
808 3972 1179 4050 accomodabantur
1211 3972 1440 4051 denomina-

245 4132 434 4224 tionibus,
458 4133 602 4235 quibus
633 4133 809 4213 inlibris
836 4131 1243 4238 pharmaeognosiam
1264 4140 1440 4213 tractan-

245 4296 353 4375 tibus
376 4296 480 4375 etin
504 4296 670 4375 diversis
693 4297 1034 4403 Pbarmacopoeis
1057 4299 1107 4376 de
1138 4298 1187 4377 iis
1219 4298 1438 4377 disseritur.

355 4460 619 4563 Synonyma
668 4460 854 4539 editionis
893 4461 984 4541 VII.
1023 4485 1130 4540 nunc
1171 4461 1350 4540 maxima
1386 4484 1439 4538 ex

244 4627 360 4724 parte
381 4628 536 4701 etextu
547 4622 902 4728 Pbarmacopoeae
923 4625 1127 4704 eliminata
1146 4626 1246 4704 etin
1266 4624 1439 4702 indicem

1185 4795 1222 4849 b*
