3725 5400
107 5189 194 5219 ,

916 497 1152 572 -162-

438 719 510 807 dia,
524 717 741 810 subglabra,
762 716 1003 806 subnitentia,
1023 736 1140 790 nervo
1154 715 1329 809 primario
1343 713 1478 802 valido,
1491 735 1630 789 nervos

438 844 684 920 secundarios
704 865 817 918 ansas
837 844 1043 918 formantes
1062 842 1261 918 emittente.

544 971 589 1046 ln
611 971 848 1065 mesophyllo
877 970 1148 1059 dorsiventrali,
1172 974 1290 1044 strato
1319 991 1339 1044 e
1369 968 1511 1043 cellulis
1539 969 1630 1063 pali·

438 1099 621 1203 formibus
654 1104 714 1173 sat
745 1099 921 1173 brevibus
953 1097 1144 1173 uniseriali
1184 1097 1421 1191 reperiuntur
1448 1116 1631 1171 cavernae

439 1228 585 1321 amplae
615 1226 860 1322 sphero’ideae
889 1226 972 1300 oleo
1000 1225 1176 1300 aethereo
1213 1225 1377 1318 repletae
1413 1224 1632 1319 epidermidi

439 1357 633 1448 utriusque
652 1354 811 1448 paginae
840 1354 1120 1448 approximatae
1150 1359 1187 1427 et
1224 1352 1377 1428 cellulae
1415 1351 1632 1446 crystallum

439 1483 625 1557 stellatam
653 1482 757 1557 calcii
784 1481 917 1556 oxalici
939 1481 1187 1555 includentes
1211 1480 1373 1554 Cellulae
1393 1479 1632 1574 epidermidis

439 1618 530 1686 sunt
565 1610 788 1704 polygonoe,
827 1613 993 1682 stomata
1030 1608 1328 1682 suborbicularia
1365 1608 1487 1682 cincta
1525 1607 1631 1680 a-4

439 1737 578 1812 cellulis
628 1737 799 1829 angustis
837 1736 1056 1810 accessoriis
1094 1737 1219 1810 solum
1274 1736 1315 1809 in
1364 1736 1503 1830 pagina
1553 1734 1631 1808 folii

438 1864 622 1939 inferiore.

548 1990 653 2066 Odor
688 1991 878 2065 Foliorum
914 1991 1086 2065 tritorum
1123 1995 1182 2065 est
1208 1992 1355 2066 modice
1390 1991 1632 2078 aromaticus

441 2141 555 2214 sapor
573 2118 807 2193 masticando
828 2138 912 2191 acre
932 2118 1168 2191 aromaticus.

554 2249 628 2320 100
661 2252 789 2341 partes
817 2249 965 2338 mercis
998 2249 1046 2322 ab
1079 2248 1256 2322 immixtis
1288 2245 1445 2320 ramulis
1478 2249 1515 2319 et
1551 2244 1633 2318 aliis

441 2375 650 2469 quisquiliis
678 2375 857 2449 liberatae
897 2396 947 2449 ne
995 2376 1081 2468 plus
1120 2396 1235 2468 quarn
1276 2374 1453 2468 partes?
1500 2372 1634 2446 cineris

440 2503 661 2597 relinquant

802 2844 951 2980 lolia
986 2843 1279 3017 iuglandis,

548 3120 698 3217 Iuplons
717 3122 816 3219 ‘rapio
833 3121 886 3211 L.,
906 3121 1020 3193 arbor
1033 3122 1128 3194 inter
1147 3122 1267 3194 cultas
1287 3119 1496 3193 notissima.

548 3249 653 3321 Folia
679 3248 983 3341 impari-pinnata
1012 3249 1116 3321 5-9
1136 3248 1224 3342 iuga
1250 3247 1386 3320 foliolis
1414 3245 1633 3320 brevissime

440 3376 636 3470 petiolatis,
652 3381 823 3469 exempto
841 3375 969 3449 foliolo
993 3375 1178 3450 terminali
1200 3375 1331 3448 maiori
1349 3374 1498 3466 longius
1518 3374 1634 3467 petio-

441 3503 527 3589 lato,
538 3504 725 3593 ovalibuS,
747 3502 1061 3594 ovato-oblongis,
1077 3503 1261 3595 colongia,
1276 3502 1396 3576 acutis
1411 3506 1476 3575 aut
1491 3501 1631 3574 acumi-

441 3632 539 3704 natis
549 3631 807 3722 integerrimis
815 3651 928 3724 saepe
936 3630 1282 3724 subrependis,basi
1291 3629 1464 3722 obliquis,
1472 3649 1635 3722 quorum

440 3759 588 3832 iuniora
624 3758 913 3832 membranacea
945 3757 1201 3832 lusco-viridia
1231 3756 1270 3830 in
1301 3778 1483 3831 venarum
1515 3756 1633 3830 axillis

440 3885 576 3959 subtus
605 3885 771 3977 barbata,
801 3886 1025 3979 glandulosa
1048 3891 1149 3973 suut,
1179 3885 1307 3958 adulta
1326 3883 1514 3958 crassiora
1543 3884 1631 3957 sub·

443 4014 612 4087 coriacea
654 4020 819 4088 saturata
851 4014 994 4103 viridia,
1033 4011 1199 4102 nitentia,
1247 4012 1377 4102 laevia,
1419 4010 1633 4103 subglabra.

440 4140 585 4215 Nervus
622 4141 821 4236 primarius
860 4140 992 4215 emittit
1020 4161 1157 4214 nervos
1188 4138 1435 4213 secundarios
1455 4137 1636 4232 aequales

443 4275 626 4358 arcuatos
647 4270 710 4363 qui
729 4269 855 4343 nervis
874 4270 1047 4343 tertiariis
1065 4270 1104 4342 in
1124 4267 1308 4342 distantiis
1327 4289 1448 4360 paene
1472 4264 1635 4359 aequali·

443 4398 514 4470 bus
536 4397 724 4471 coniuncti
742 4402 841 4471 sunt

550 4524 655 4597 Folia
674 4530 764 4598 sunt
782 4523 929 4617 saporis
950 4524 1198 4613 amaricantia,
1224 4522 1394 4596 subacris
1420 4525 1457 4594 et
1476 4520 1634 4594 adstrin-

444 4654 578 4748 gentis,
599 4652 737 4740 odoriS,
758 4652 790 4725 si
809 4655 981 4725 teruntur
999 4651 1199 4743 peculiaris
1219 4650 1425 4724 balsamici.
