3725 5400
890 432 1134 507 -400-

416 647 453 732 1.
484 648 754 751 oossyprum
784 647 1106 731 carbollsatum
1129 648 1175 730 et
1202 644 1311 728 'l'cla
1337 643 1612 748 hydroplrtlu

873 774 1155 859 curbollsata.
1292 777 1294 780 ’

523 999 747 1072 Contineant
778 1005 905 1092 partes
940 998 1165 1071 centesimas
1194 998 1289 1071 duas
1318 996 1373 1090 (0)
1404 996 1499 1069 acidi
1532 1017 1610 1069 car·

414 1125 535 1199 bolici.

523 1254 582 1327 Ad
602 1254 843 1327 statuendam
863 1253 1113 1345 quantitatem
1132 1252 1228 1326 acidi
1252 1252 1426 1326 carbolici
1455 1252 1608 1324 extrahe

413 1379 580 1474 gossypii
614 1384 824 1472 grammata
852 1379 957 1454 5-—6
992 1385 1058 1452 aut
1089 1381 1184 1453 telae
1219 1379 1469 1472 quadrantem
1501 1378 1609 1451 metri

414 1508 659 1600 longitudinis
678 1509 716 1580 in
735 1509 809 1580 olla
827 1508 945 1580 vitrea
972 1507 1109 1580 idonea
1142 1507 1487 1601 supereffundendo
1516 1505 1609 1579 mix·

413 1634 555 1707 tionem
576 1656 596 1707 e
616 1633 842 1707 centimetris
863 1631 1003 1706 cubicis
1024 1631 1048 1706 5
1066 1631 1177 1707 natrii
1196 1627 1472 1726 hydrooxydati
1496 1633 1610 1705 soluti

412 1766 451 1834 ct
469 1761 695 1835 centimetris
716 1760 856 1833 cubicis
878 1759 957 1833 mo
978 1782 1098 1853 aquae
1128 1766 1165 1834 et
1192 1761 1401 1852 subigendo
1431 1760 1496 1833 diu
1524 1782 1610 1852 pro·

413 1886 503 1960 bam
522 1888 698 1961 materiae
719 1909 791 1981 ope
811 1887 932 1960 bacilli
951 1887 1066 1961 vitrei.

524 2014 751 2088 Centimetra
784 2015 915 2089 cubica
946 2015 995 2086 25
1015 2015 1171 2106 liquoris
1205 2016 1347 2089 obtenti
1379 2016 1540 2108 imperta
1572 2015 1610 2086 in

411 2142 590 2232 lagenam
628 2141 824 2234 epistomio
862 2142 980 2215 vitreo
1026 2143 1210 2215 munitam
1247 2143 1448 2216 voluminis
1496 2142 1608 2215 centi-

413 2272 620 2341 metrorum
640 2267 858 2342 cubicorum
879 2271 957 2341 300
977 2289 1142 2342 unacum
1161 2271 1325 2343 mixtura
1353 2291 1399 2342 ex
1427 2266 1475 2339 a‘a
1498 2267 1610 2341 centi-

411 2395 541 2468 metris
562 2396 704 2469 cubicis
735 2396 787 2469 50
806 2397 1004 2469 solutionis
1037 2396 1123 2468 kalii
1155 2397 1312 2470 bromici
1345 2395 1612 2469 volumelricae

411 2528 449 2595 et
469 2522 669 2595 solutionis
688 2523 774 2596 kalii
802 2523 965 2597 bromati
982 2525 1247 2597 volumetricae
1280 2545 1350 2597 nec
1382 2544 1462 2596 non
1495 2524 1607 2597 centi-

411 2649 540 2724 metris
562 2650 703 2725 cubicis
726 2651 748 2725 5
770 2651 867 2725 acidi
887 2651 1057 2726 sulfurici
1077 2652 1318 2725 concentrati.
1357 2652 1506 2745 Sepone
1540 2673 1608 2745 per

409 2778 661 2869 quadrantem
707 2780 835 2853 horae.
883 2779 982 2852 Tum
1019 2779 1184 2853 admisce
1222 2779 1357 2872 liquori
1401 2760 1500 2853 flavo
1543 2785 1607 2852 aut

410 2905 638 2979 luscescenti
657 2928 827 2998 gramma
845 2907 932 2980 kalii
951 2906 1067 2980 iodati
1100 2911 1137 2979 et
1168 2907 1254 2979 titra
1286 2906 1416 2979 iodum
1448 2907 1607 2979 liberum

409 3054 499 3105 cum
519 3034 704 3106 solutione
725 3033 834 3107 natrii
853 3034 1100 3107 thiosulfurici
1120 3035 1372 3108 decinormali

517 3159 725 3234 Numerum
737 3161 1041 3234 centimetrorum
1057 3162 1275 3235 cubicorum
1290 3161 1486 3236 solutionis
1497 3163 1606 3235 natrii

414 3286 665 3361 thiosulfurici
684 3293 999 3382 consumptorum
1017 3288 1170 3362 detrabe
1192 3312 1215 3361 a
1234 3310 1392 3362 numero
1413 3290 1464 3362 30
1484 3294 1521 3362 et
1538 3311 1607 3362 nu·

410 3434 562 3487 merum
580 3420 787 3489 restantem
805 3416 1010 3509 multiplica
1029 3438 1115 3489 cum
1137 3417 1318 3493 000156.

517 3541 674 3614 Summa
696 3543 857 3631 obtenta
877 3544 1123 3635 multiplicata
1147 3565 1234 3617 cum
1258 3545 1306 3617 10
1325 3543 1466 3616 indicat
1487 3565 1605 3636 quan·

409 3668 551 3741 tilatem
570 3668 785 3742 absolutam
803 3669 898 3742 acidi
928 3670 1102 3744 carbolici
1130 3676 1345 3744 contentam
1375 3671 1413 3743 in
1441 3671 1516 3744 tela
1544 3675 1609 3743 aut

412 3795 451 3867 in
471 3796 651 3889 gossypio
671 3796 905 3887 investigato,

405 4100 446 4184 t.
467 4100 738 4208 uossypmm
758 4105 804 4186 et
822 4102 1227 4314 Telassyffffphfla
1246 4122 1349 4187 curn
1363 4102 1603 4187 Bismutlro

881 4253 934 4314 su
967 4253 1021 4333 go
1078 4251 1144 4314 co.

525 4452 749 4527 Contiueant
776 4459 903 4547 partes
929 4455 1154 4528 centesimas
1174 4456 1302 4548 viginti
1320 4454 1402 4549 (00)
1421 4455 1608 4529 Bismutlri

403 4578 616 4670 subgallici.
