3725 5400
876 476 1113 549 -190-

816 688 1170 860 Glycerium.

506 948 646 1040 Liquor
691 946 820 1041 syrupi
852 948 1117 1022 consistentiae
1154 949 1342 1043 limniduS,
1382 952 1517 1026 coloris
1556 958 1593 1027 et

396 1076 525 1149 odoris
554 1096 699 1168 expers,
738 1075 886 1168 saporis
915 1075 1046 1165 dulcis,
1084 1076 1263 1168 ponderis
1300 1078 1463 1171 specifici
1489 1081 1589 1172 1·l5,

395 1202 596 1276 reactionis
619 1202 801 1293 neutrius
826 1202 865 1276 ln
880 1224 981 1296 aqua
1000 1208 1037 1277 et
1055 1203 1187 1296 spiritu
1204 1204 1281 1277 vini
1298 1205 1338 1278 in
1356 1207 1488 1299 quavis
1507 1229 1592 1302 pro·

395 1330 568 1424 portione
583 1330 765 1420 solubilis9
781 1330 820 1404 in
834 1331 986 1404 aethere
1006 1335 1043 1404 et
1057 1330 1322 1405 chlorolormio
1332 1355 1411 1406 non
1422 1334 1588 1410 solvitur.

394 1457 438 1532 In
479 1457 619 1531 lamina
651 1458 814 1551 platinea
851 1458 1072 1530 calefactum
1110 1458 1290 1550 deflagrat
1321 1460 1474 1534 residuo
1511 1483 1590 1535 non

394 1586 535 1659 relicto.
1610 1670 1613 1677 A

504 1713 646 1787 Solutio
666 1733 814 1805 aquosa
826 1708 964 1811 (1:5)
978 1733 1049 1786 nec
1065 1733 1165 1806 aqua
1178 1713 1496 1806 hydrosulturata,
1517 1737 1588 1788 nec

395 1840 585 1914 ammonio
624 1840 819 1927 sulfurato,
859 1859 928 1911 nec
965 1839 1084 1931 hamo
1121 1839 1264 1929 uitrico,
1299 1862 1369 1914 nec
1398 1841 1588 1915 ammonio

395 1968 537 2041 oxalico
565 1970 739 2056 mutetur,
767 1986 838 2038 nec
862 1964 1049 2039 solutione
1070 1966 1213 2057 argenti
1231 1967 1351 2040 uitrici
1368 1968 1454 2060 plus
1474 1990 1588 2060 quam

395 2097 655 2189 opulescenter
672 2094 853 2167 turbetur.

505 2221 689 2315 Glycerini
708 2220 968 2294 centimetrum
995 2219 1167 2294 cubicum
1186 2220 1343 2294 mixtum
1368 2243 1454 2295 curn
1478 2223 1588 2296 centi-

394 2351 523 2425 metris
551 2349 691 2424 cubicis
721 2351 743 2422 3
774 2348 971 2422 solutionis
1000 2348 1126 2421 stanni
1156 2346 1312 2422 chloratr'
1339 2348 1436 2422 inter
1454 2348 1588 2423 horam

394 2479 560 2553 colorem
579 2476 835 2551 obscuriorem
853 2497 902 2548 ne
922 2475 1087 2568 accipiat

505 2603 689 2699 Glycerini
732 2602 992 2676 centimetrum
1030 2601 1204 2675 cubicum
1246 2623 1332 2675 cum
1370 2603 1587 2676 centimetro

395 2734 526 2807 cubico
555 2731 664 2805 natrii
692 2730 966 2824 hydrooxydati
995 2729 1107 2802 soluti
1135 2729 1356 2803 calefactum
1388 2751 1458 2805 nec
1488 2732 1587 2805 colo·

395 2866 508 2950 retur,
530 2880 600 2934 nec
619 2858 859 2946 ammoniam,
869 2879 940 2931 nec
960 2858 1117 2930 odorem
1131 2857 1364 2930 substantiae
1379 2857 1587 2950 glutinosae

396 2988 495 3075 edat;
536 2986 795 3061 centimetrum
829 2983 1003 3058 cubicum
1033 2983 1217 3075 Glycerini
1254 3005 1341 3057 cum
1369 2985 1587 3059 centimetro

396 3116 527 3190 cubico
561 3113 657 3187 acidi
685 3111 850 3186 sulfurici
879 3111 985 3184 diluti
1011 3110 1144 3184 leniter
1170 3112 1412 3186 fervefactum
1432 3112 1588 3186 odorem

394 3245 592 3318 insuavem
610 3241 807 3314 rancidum
825 3261 873 3313 ne
893 3239 1038 3333 prodat

505 3369 689 3463 Glycerini
709 3374 745 3441 et
764 3366 976 3441 ammoniae
1006 3363 1052 3441 m
1080 3367 1340 3440 centimetrum
1369 3366 1543 3440 cubicum
1567 3367 1582 3438 1

394 3477 434 3573 in
447 3471 583 3571 balneo
599 3517 720 3590 equae
736 3495 784 3568 ad
793 3499 1086 3589 temperaturam
1098 3495 1173 3568 60ο
1186 3493 1429 3568 fervefactum
1444 3492 1587 3568 iniectis
1693 3587 1695 3589 Ι

395 3625 507 3717 guttis
539 3626 561 3696 3
592 3623 790 3697 solutionis
823 3623 967 3716 argenti
1004 3621 1124 3695 nitrici
1155 3621 1254 3695 intra
1286 3621 1432 3695 minuta
1460 3622 1483 3693 5
1518 3642 1588 3694 nec

395 3754 582 3827 coloretur
600 3773 670 3825 nec
689 3753 914 3844 nigricanter
932 3751 1115 3823 turbetur.

503 3880 646 3954 Solutio
668 3878 852 3973 Glycerini
871 3899 1018 3971 aquosa
1036 3875 1172 3970 (1:5)
1201 3897 1271 3950 nec
1299 3875 1393 3969 ipsa,
1423 3895 1493 3948 nec
1522 3898 1589 3970 per

393 4008 588 4083 dimidium
597 4008 713 4080 horae
733 4029 820 4081 cum
835 4006 942 4079 acido
956 4005 1243 4098 hydrochlorico
1258 4004 1374 4076 diluto
1389 4003 1589 4076 fervefacta

393 4141 430 4210 et
449 4137 536 4209 dein
555 4156 641 4208 cum
659 4135 780 4208 natrio
800 4132 1086 4228 hydrooxydato
1106 4133 1229 4205 soluto
1250 4134 1532 4224 supersuturata
1550 4130 1588 4202 in

393 4264 580 4339 solutione
609 4262 712 4356 cupri
740 4260 901 4335 tartarici
922 4260 1080 4333 alcalina
1098 4259 1310 4332 ebulliendo
1330 4257 1588 4330 reductionem

394 4392 538 4466 efficiat.
