3725 5400
678 582 728 597 -
762 540 837 613 357
867 579 920 590 ·-

312 761 570 852 Decigramata
595 762 618 834 5
650 781 737 833 cum
765 758 952 832 solutione
977 756 1072 830 acidi
1095 748 1258 829 tartarici
1282 754 1398 827 diluta

204 893 461 981 conquassata
492 887 679 980 liquorem
715 885 931 980 praebeant,
968 884 1032 978 qui
1063 884 1236 969 filtratus,
1271 881 1398 954 addita

202 1035 302 1107 aqua
338 1013 647 1107 hydrosulfurata
679 1016 824 1087 nullum
863 1013 923 1086 vel
960 1010 1114 1087 nonnisi
1150 1010 1396 1103 perexiguum

201 1143 488 1236 praecipitatum
508 1142 644 1215 coloris
664 1141 869 1215 aurantiaci
888 1142 1063 1235 deponat.

311 1268 490 1342 Gramma
509 1268 613 1342 Slibii
633 1268 805 1341 sulfurati
824 1268 1029 1342 aurantiaci
1063 1290 1149 1342 cum
1169 1265 1395 1341 centimetris

202 1393 343 1470 cubicis
360 1396 411 1469 it)
431 1419 552 1489 aquae
568 1403 865 1489 conquassatum
883 1396 1063 1469 filtratum
1082 1394 1271 1489 praebeat,
1292 1393 1395 1486 quod

202 1523 329 1597 addito
345 1528 500 1616 argento
521 1523 653 1596 nitrico
669 1523 717 1595 ad
740 1544 932 1596 summum
952 1523 1154 1616 opalescat,
1169 1542 1218 1594 ne
1234 1543 1323 1594 vero
1338 1521 1394 1593 su-

203 1658 364 1739 scescat3
375 1652 493 1744 baryo
503 1650 635 1724 uitrico
650 1671 698 1723 ne
709 1653 794 1743 plus
810 1672 926 1743 quam
941 1651 1201 1742 opulescenter
1214 1647 1395 1721 turbetur.

310 1777 611 1869 Decigrammata
631 1778 666 1868 5,
686 1799 773 1851 cum
794 1777 953 1870 decupla
972 1776 1177 1869 quantitate
1197 1774 1395 1848 solutionis

202 1911 392 1978 saturatae
439 1905 617 1978 ammonii
661 1904 849 1978 sarbonici
887 1909 1141 1997 temperatura
1180 1903 1391 1976 500-60Ο

200 2054 268 2126 per
300 2030 446 2105 minuta
483 2032 505 2104 b
547 2037 802 2124 conquassata
833 2032 1012 2104 filtratum
1044 2031 1258 2124 praebeant,
1292 2029 1393 2122 quod

202 2159 309 2232 acido
321 2158 610 2252 hydrochlorico
621 2158 849 2231 acidulatum
865 2154 1127 2231 intra'horass
1145 2156 1396 2229 sedimentum
1547 2209 1550 2216 .

203 2287 343 2359 llavum
362 2308 411 2360 ne
431 2286 605 2379 deponat.

375 2500 598 2636 Slibiun
637 2501 950 2636 sulfuratum
988 2500 1213 2669 nigrum.

308 2724 444 2798 Frusta
471 2725 688 2817 ponderosa
715 2747 735 2797 e
764 2725 871 2816 nigro
901 2724 1034 2816 grisea,
1065 2747 1085 2797 e
1115 2724 1296 2818 crystallis
1327 2724 1398 2797 aci-

202 2852 402 2941 cularibuS,
423 2851 604 2925 metallice
624 2852 921 2944 splendentibus
952 2851 1156 2925 friabilibus
1177 2851 1397 2946 composita,

200 2977 239 3051 in
259 2987 345 3053 aere
364 2978 620 3068 immutabilia,
650 2979 725 3052 leni
744 2980 829 3072 igne
848 2979 1108 3073 liquescentia;
1134 2979 1241 3052 acido
1260 2964 1397 3072 hydro·

202 3108 365 3182 chlorico
395 3109 575 3181 calefacta
593 3129 661 3197 gas
691 3107 1038 3201 hydrosuliuratum
1063 3107 1245 3181 emittunt.
1286 3106 1399 3181 Gutta

202 3236 398 3309 solutionis
418 3235 548 3309 acidae
568 3235 605 3308 in
624 3236 763 3308 lamina
783 3237 946 3330 platinea
965 3236 1111 3325 stillata,
1142 3235 1287 3308 adiecto
1317 3257 1398 3328 gra·

201 3362 291 3435 nulo
313 3362 406 3435 zinci
426 3361 600 3435 metallici
618 3363 718 3435 banc
733 3363 881 3436 macula
896 3362 1002 3454 nigra
1017 3362 1222 3435 antimonio
1241 3362 1398 3435 reducto

202 3489 364 3563 obducit.

183 3660 187 3669 ·
311 3617 529 3689 Grammata
554 3616 575 3688 i
603 3616 708 3689 Stibii
736 3616 907 3691 sulfurati
936 3617 1031 3709 nigri
1060 3616 1300 3689 subtilissime
1320 3617 1399 3710 pul·

200 3744 317 3818 vorati
349 3765 437 3817 cum
470 3743 697 3817 centimetris
736 3745 875 3819 cubicis
911 3745 963 3817 tt)
997 3744 1092 3817 acidi
1124 3742 1399 3837 hydroehlorici

200 3871 332 3944 leniter
360 3871 549 3959 calefacta,
578 3870 732 3945 demum
751 3872 903 3965 saepius
924 3871 1100 3964 agitando
1121 3875 1227 3944 cocta
1245 3892 1293 3947 ne
1313 3872 1398 3963 plus

202 4019 317 4091 quam
337 3997 645 4090 centigrammata
665 3999 686 4071 i
707 3999 848 4072 residui
867 3998 1077 4073 insolubilis
1097 3998 1317 4090 relinquant

289 4268 874 4406 §cruentatorum
908 4267 1317 4380 numeram

312 4451 483 4546 Crystalli
516 4454 720 4527 aciculares
750 4455 957 4541 decolores
988 4454 1134 4547 saporis
1161 4446 1397 4541 amarissimi,

201 4576 428 4670 inpartibus
449 4579 594 4654 circiter
614 4581 666 4654 90
690 4603 812 4674 aquae
836 4580 1004 4674 frigidae,
1037 4582 1059 4653 3
1080 4602 1201 4673 aquae
1220 4579 1396 4668 fervidae,

203 4707 254 4778 80
274 4706 426 4798 spiritus
445 4707 521 4779 vini
540 4708 672 4801 frigidi,
695 4710 718 4781 5
734 4708 863 4781 fervidi
880 4707 1071 4781 solubiles.
1093 4707 1236 4780 Solutio
1253 4726 1402 4798 aquosa
