3725 5400
885 465 1130 537 -066-

691 678 874 814 lllcurr
900 679 1105 813 leceris
1134 675 1321 811 Aselli.

522 900 646 974 Gades
679 900 853 973 Morrtua
885 901 926 973 L.
962 906 999 974 et
1031 901 1125 972 aliae
1162 896 1259 971 Gadi
1291 898 1450 991 specieS,
1478 897 1603 992 pisces

359 1100 363 1119 ,
407 1029 525 1103 maria
544 1027 863 1123 septemtrionalia
881 1028 1099 1101 incolentes,

517 1156 651 1230 Oleum
682 1155 833 1250 pingue,
868 1156 945 1229 leni
977 1156 1100 1229 calore
1133 1155 1172 1227 in
1205 1156 1341 1229 balneo
1375 1154 1525 1248 vaporis
1560 1175 1605 1227 ex

406 1285 543 1377 hepate
593 1289 744 1357 recente
796 1285 994 1356 obtentum
1046 1282 1347 1376 spissiusculum,
1395 1281 1602 1375 limpidum,

408 1411 543 1485 coloris
564 1410 789 1500 ochroleuci‚
821 1409 949 1484 odoris
975 1414 1012 1483 et
1035 1410 1182 1504 saporis
1212 1409 1344 1483 debilis
1372 1409 1507 1502 piscini
1534 1430 1605 1482 nec

406 1539 560 1627 rancidi,
581 1538 759 1632 ponderis
779 1538 944 1631 specifici
964 1538 1270 1610 0900-0917.

515 1665 654 1739 Charta
672 1665 922 1759 exploratoria
941 1666 1122 1755 caerulea,
1143 1664 1274 1758 spiritu
1292 1665 1369 1738 vini
1387 1665 1603 1739 humectata

406 1792 500 1867 Olea
519 1815 568 1867 ne
588 1794 661 1866 nisi
678 1794 902 1887 perpaulum
921 1794 1107 1866 rubescat

515 1920 786 2014 Temperatura
823 1922 872 1993 0Ο
920 1920 1058 1994 diutius
1103 1921 1311 2014 sepositum
1349 1920 1503 1993 stearini
1540 1924 1605 1992 aut

407 2049 564 2123 aliarum
615 2047 888 2141 pinguedinum
939 2047 1031 2120 nibil
1084 2049 1143 2120 vel
1194 2047 1347 2121 nonnisi
1396 2047 1603 2141 pauxillum

407 2176 585 2249 demittat

516 2302 629 2376 Gutta
649 2302 744 2375 acidi
764 2301 931 2375 sulfurici
953 2302 1184 2375 concenlrati
1202 2301 1417 2393 instillanda
1446 2300 1486 2374 in
1508 2323 1604 2375 non·

406 2430 530 2502 nullas
550 2434 674 2522 guttas
694 2429 776 2503 Olei
795 2431 961 2502 colorem
979 2430 1188 2503 violaceum
1209 2430 1330 2519 efficit,
1354 2429 1419 2522 qui
1438 2429 1605 2503 celeriter

406 2556 445 2628 in
465 2558 629 2630 colorem
649 2578 669 2629 e
686 2558 795 2630 fusco
815 2557 973 2630 rubrum
993 2557 1078 2630 abit

517 2683 659 2758 Eadem
678 2684 815 2758 reactio
835 2683 963 2772 oritur,
985 2683 1122 2776 quodsi
1142 2688 1268 2776 guttae
1288 2682 1380 2773 Olei,
1396 2684 1542 2757 solutae
1565 2682 1604 2756 in

410 2812 522 2902 guttis
543 2812 594 2884 ll)
615 2812 792 2886 carbonel
811 2812 984 2884 sulfurati
1016 2811 1055 2884 in
1074 2812 1205 2884 tubulo
1226 2810 1441 2904 probatorio
1462 2815 1605 2901 guttam

376 3003 393 3032 Ι.
409 2938 504 3011 acidi
524 2939 690 3013 sulfurici
710 2939 940 3012 concentrati
960 2938 1159 3011 addideris.

519 3066 653 3140 Guttae
669 3068 715 3139 15
727 3065 817 3156 Olei,
832 3065 986 3139 adiectis
1000 3066 1112 3157 guttis
1130 3067 1152 3137 3
1169 3066 1265 3138 acidi
1278 3065 1398 3139 uitrici
1412 3065 1602 3155 fumantis,

409 3195 448 3267 in
467 3194 596 3287 patina
623 3194 861 3286 porcellanea
889 3214 962 3285 ope
990 3192 1112 3265 bacilli
1131 3192 1235 3265 vitrei
1264 3193 1440 3285 agitando
1468 3191 1604 3266 mixtae

409 3320 534 3394 statim
549 3321 714 3394 colorem
732 3320 871 3393 fervide
890 3342 1045 3393 roseum
1059 3320 1253 3413 accipiant,
1271 3320 1336 3412 qui
1350 3321 1486 3414 elapsis
1501 3320 1606 3393 horis

414 3449 515 3520 1-1
536 3447 575 3520 in
595 3448 759 3520 colorem
778 3468 880 3520 mere
901 3447 1075 3520 citrinum
1093 3468 1164 3520 nec
1182 3446 1334 3521 fuscum
1353 3450 1471 3521 abeat

517 3574 642 3647 Mixtio
681 3596 727 3647 ex
763 3554 819 3647 aa
848 3574 1074 3647 centimetris
1112 3574 1253 3647 cubicis
1292 3577 1315 3649 5
1354 3575 1451 3648 acidi
1487 3574 1606 3648 uitrici

407 3702 588 3776 fumantis
617 3707 655 3774 et
683 3723 804 3793 aquae
839 3723 926 3775 cum
960 3701 1186 3775 centimetris
1223 3702 1362 3776 cubicis
1385 3703 1434 3775 10
1455 3701 1536 3776 Olei
1568 3702 1607 3774 in

407 3829 539 3902 tubulo
563 3829 779 3922 probatorio
799 3828 945 3902 fortiter
978 3834 1242 3921 conquassata,
1277 3830 1406 3923 elapso
1435 3835 1604 3923 ternpore

408 3956 554 4028 dierum
574 3956 596 4028 1
617 3977 687 4029 nec
721 3978 767 4030 ex
786 3962 865 4030 toto
894 3977 965 4029 nec
989 3955 1124 4049 partim
1147 3956 1318 4047 rigescat,
1349 3956 1418 4030 sed
1436 3978 1604 4031 massam

406 4082 586 4156 fracidam
604 4068 757 4155 rubram
778 4083 961 4156 exhibeat

515 4208 703 4282 Numerus
746 4209 1067 4304 saponificationis
1110 4209 1158 4282 sit
1195 4210 1338 4284 circiter
1380 4211 1603 4301 184-195,

406 4357 589 4409 numerus
608 4336 685 4409 icdi
705 4337 848 4410 circiter
873 4338 1095 4411 mli-145.

516 4462 692 4537 Servetur
709 4465 748 4537 in
766 4464 911 4556 lagenis
931 4464 1024 4538 Oleo
1057 4465 1221 4558 perfecte
1254 4465 1417 4559 impletis
1444 4464 1485 4539 in
1518 4467 1602 4541 loco

406 4592 588 4665 umbroso
609 4596 645 4664 et
663 4590 809 4682 frigida.
