3725 5400
719 441 955 514 -185-

575 656 806 790 Fructus
844 653 1099 790 Vausslau.

356 875 503 950 Vour'llo
524 874 726 973 plouifolu’u
753 874 983 964 Androcus
1022 875 1151 969 planta
1179 878 1368 953 scandens
1396 878 1436 950 in

241 1006 383 1081 Maurico
416 1003 593 1099 indigena
625 1008 663 1079 et
693 1007 735 1079 ut
767 1003 805 1076 in
829 1002 910 1077 aliis
934 1003 1151 1094 regionibus
1174 1002 1435 1098 intertropicis,

242 1132 401 1209 maxime
418 1131 458 1205 in
475 1131 602 1207 insula
619 1130 831 1205 Borboniae
852 1130 962 1205 culta.

353 1258 538 1353 Capsulae
556 1257 808 1331 uniloculares
835 1257 1056 1331 immaturae
1086 1257 1246 1332 siccatae
1275 1258 1437 1335 lineares
1536 1310 1541 1319 ·

243 1386 550 1479 siliquaeiormes
590 1406 842 1478 compressae,
874 1384 1049 1458 inferiore
1083 1385 1314 1459 extremitate
1348 1391 1437 1459 atte-

242 1518 379 1588 nuatae
390 1518 427 1587 et
435 1513 565 1588 leuiter
574 1518 761 1601 cmvatae,
779 1512 922 1587 t—bh
935 1512 1291 1605 decimetralougae,
1303 1514 1437 1587 8-10

242 1640 451 1715 utillimetra
468 1640 565 1713 latae
584 1639 790 1733 pericarpio
811 1660 985 1729 carnoso,
1011 1639 1130 1728 fusca,
1150 1643 1259 1713 extus
1278 1640 1436 1731 longitu-

242 1768 413 1843 dinah'ter
440 1788 581 1859 rugoso
612 1773 648 1839 et
676 1767 833 1857 sulcato,
868 1766 1082 1858 unguinose
1110 1767 1262 1859 nitente,
1301 1767 1437 1841 coloris

242 1896 449 1986 atro-susci,
480 1895 632 1988 saepius
652 1895 835 1988 crystallis
855 1895 950 1968 albis
970 1895 1255 1989 splendentibus
1275 1895 1435 1983 obtecto,

242 2024 394 2114 flexiles
431 2028 596 2113 tenaces,
644 2022 684 2095 in
726 2044 818 2096 cauo
855 2022 1019 2116 repletae
1051 2043 1182 2096 massa
1217 2022 1438 2116 granuloso·

240 2152 402 2245 pulposa
420 2150 631 2244 subpingui,
651 2150 796 2223 semina
823 2149 1022 2223 innumera
1040 2150 1175 2243 exigua
1193 2148 1436 2241 subglobosa,

241 2278 357 2370 nigra,
376 2276 531 2350 nitentia
549 2277 774 2366 includente,
794 2276 922 2350 odons
937 2277 1136 2370 peculiaris
1150 2276 1436 2368 fragrantissimi

241 2404 412 2497 pergrati.

349 2530 404 2604 Ne
433 2530 681 2605 adhibeantur
708 2530 852 2604 fructus
880 2530 1007 2604 minus
1031 2530 1222 2604 aromatici
1242 2531 1355 2605 nimio
1377 2554 1436 2604 ex-

241 2659 368 2733 siccati
404 2658 521 2752 rigidi,
559 2658 722 2751 fragiles
775 2658 910 2733 coloris
954 2658 1131 2750 clarioris
1184 2679 1254 2732 nec
1291 2659 1436 2733 fructus

240 2786 376 2860 maturi
405 2787 637 2861 dehiscentia
676 2787 802 2880 aperti,
834 2807 905 2860 nec
942 2786 1086 2861 fructus
1124 2787 1241 2861 multo
1284 2786 1436 2860 latiores

240 2919 276 2986 et
330 2912 552 3006 plerumque
610 2913 801 2987 breuiores
858 2913 1018 2988 aliarum
1080 2912 1243 2986 Vorriltoe
1295 2913 1435 3008 specio·

240 3062 334 3128 rum,
370 3045 413 3113 ut
451 3040 504 3113 sic
542 3040 640 3113 dicta
676 3039 823 3114 Vanilla
860 3041 906 3114 de
944 3041 998 3113 La
1031 3040 1180 3135 Guayra
1218 3044 1255 3114 et
1287 3038 1437 3114 Vanilla

239 3167 457 3241 Brasiliana

352 3295 427 3367 100
446 3299 572 3388 partes
600 3294 736 3367 mercis
766 3316 812 3367 ne
841 3294 967 3367 minus
997 3314 1110 3385 qnam
1140 3300 1266 3388 partes
1299 3295 1347 3368 15
1374 3315 1434 3366 ex·

239 3422 344 3495 tracti
364 3421 553 3515 spirituosi
582 3422 792 3495 exhibeant.
818 3421 961 3495 Eadem
996 3417 1184 3514 quantitas
1217 3420 1353 3494 mercis
1386 3442 1435 3493 ne

239 3550 324 3642 plus
344 3571 458 3643 quam
476 3554 602 3643 partes
624 3549 646 3622 6
669 3549 802 3622 cineris
820 3549 1019 3642 relinquat.

574 3873 793 4044 largus
831 3872 1107 4044 igniculus

347 4091 549 4190 Polyporuo
575 4091 807 4187 fomentarius
835 4092 974 4183 FrieS,
1009 4094 1148 4185 fungus
1182 4114 1249 4186 per
1282 4114 1433 4167 ornnem

237 4221 314 4293 tere
352 4220 541 4314 Europam
578 4220 740 4294 mediam
778 4221 816 4293 in
853 4221 996 4293 truncis
1035 4219 1201 4310 annosis,
1251 4220 1435 4314 imprimis

237 4347 409 4440 sagorum
429 4352 465 4419 et
484 4368 691 4439 quercuum
709 4368 883 4421 nascens

346 4474 481 4547 Frusta
513 4474 728 4548 mercabilia
758 4475 880 4568 plana,
918 4479 1020 4548 tactu
1057 4473 1261 4565 aequaliter
1292 4474 1431 4563 mollia,

237 4602 411 4676 flexibiha
455 4601 589 4674 coloris
628 4602 877 4675 cinnamomei
919 4625 939 4674 e
982 4601 1079 4695 pileo
1125 4601 1229 4692 iungi
1272 4602 1431 4691 excissa,
