3725 5400
711 466 946 538 -101-

232 684 455 778 generaliter
473 705 542 778 per
561 683 705 775 horam,
724 683 912 759 interdum
930 682 1108 776 agitando
1135 681 1195 757 vel
1213 688 1424 776 coquantur

232 812 292 887 vel
309 811 512 905 vaporibus
532 811 657 886 balnei
675 833 796 905 aquae
816 810 1026 886 ebullientis
1046 815 1291 903 exponantur.

341 938 542 1033 Liquidum
555 938 681 1014 edhuc
701 939 863 1013 calidum
902 936 1144 1031 exprimendo
1173 939 1317 1012 coletur
1335 944 1373 1013 et
1390 940 1423 1014 si

231 1088 331 1161 opus
350 1066 462 1141 fuerit
479 1066 648 1141 filnetur.

340 1193 502 1269 Decocte
534 1215 554 1267 e
585 1192 896 1269 medicaminibus
924 1192 1150 1286 mucilagine
1178 1192 1299 1282 foetis,
1332 1197 1423 1269 ute

231 1320 356 1396 radice
383 1320 565 1397 Althaeae
585 1325 651 1395 eut
678 1343 699 1395 e
723 1320 931 1395 seminibus
960 1319 1054 1409 Lini,
1075 1318 1157 1394 sine
1180 1318 1422 1411 expressione

229 1447 413 1526 colentur.

446 1750 451 1765 ·
602 1717 1041 1853 lllecesecclere.

229 1938 307 2033 Rp:
341 1941 413 2015 illel
431 1942 584 2014 eetlerel
601 1939 821 2034 praescripti
1140 1943 1276 2036 puttam
1367 1914 1419 2010 '1

340 2068 499 2141 bacchari
517 2071 553 2141 ln
572 2071 713 2161 pulvere
1073 2070 1276 2165 premente
1385 2064 1421 2138 b.

338 2194 453 2269 Misce
472 2194 717 2271 exactissime.

338 2322 394 2397 Ex
411 2327 580 2418 tempore
599 2329 788 2418 parentur.

485 2667 843 2803 nectimur
878 2667 1169 2803 lenitivun.

228 2884 308 2981 Rp:
342 2890 467 2980 Pulpsc
485 2891 670 2961 Pruncrum
1169 2893 1289 2984 parta
1397 2889 1423 2961 4

341 3018 466 3108 Pulpae
485 3018 675 3089 laumlndi
693 3018 877 3108 depuratae

339 3144 430 3216 Roob
449 3144 603 3216 Sanbncl
1104 3140 1151 3215 ᾶᾶ
1164 3148 1287 3239 partes
1399 3142 1422 3216 b

339 3272 506 3343 Fellcrnm
525 3272 654 3344 Sennec
672 3282 727 3354 (Vl)

340 3400 432 3471 Kalll
449 3399 714 3490 lydreturtsrlcl
732 3407 776 3480 (V)
1088 3394 1136 3469 ἴα
1147 3404 1289 3493 partem
1401 3398 1418 3470 1

340 3528 449 3598 llcllls
469 3527 626 3616 depuratl
1209 3547 1241 3620 q.
1260 3547 1287 3597 s.

304 3670 385 3745 Fiat
395 3671 478 3764 lege
498 3671 600 3759 artis,
620 3670 695 3743 leni
715 3671 836 3743 calore
856 3669 895 3743 in
914 3670 1049 3743 balneo
1070 3692 1190 3765 aquae
1209 3692 1277 3764 per
1290 3671 1424 3745 horam

230 3796 484 3872 calefaciendo
503 3796 761 3871 Electuariunt

339 3922 383 3997 ln
401 3924 484 3998 loco
504 3923 637 4018 frigido
654 3929 691 3997 et
709 3924 809 3998 sicco
830 3925 1068 3998 servendum.

666 4284 981 4456 Emplastra.

340 4505 569 4599 Praeparate
584 4506 633 4578 ad
648 4505 938 4600 applicationem
953 4505 1218 4599 epidermic'em
1231 4505 1271 4579 in
1286 4525 1423 4599 genere

233 4631 501 4709 consistentiae
520 4654 629 4708 ceree
648 4633 792 4707 similis.
