3725 5400
708 515 922 587 ..33-

220 752 320 827 aqua
337 732 411 821 vix,
429 733 469 806 in
489 732 622 826 spiritu
643 732 716 806 vini
736 739 773 806 et
792 732 943 806 aethere
975 731 1014 804 in
1043 729 1146 804 omni
1168 731 1410 824 proportione

220 861 400 935 solubilis.
420 860 601 935 Incensus
613 860 804 951 deflagrat,
815 859 1007 933 flammam
1027 858 1144 932 edens
1162 857 1412 955 1111111111111·Ι

219 989 318 1078 dam,
338 987 589 1081 fuliginosam,
607 986 759 1061 residuo
778 987 881 1060 nullo
900 987 1038 1060 relicto.

328 1115 475 1204 Quodsi
492 1114 670 1188 solutioni
688 1112 774 1187 ferri
802 1112 969 1187 srdlurici
997 1113 1281 1206 superfunditur
1297 1114 1410 1211 Amy·

218 1241 308 1317 lium
345 1243 533 1316 nitrosum
570 1241 674 1318 brevi
711 1247 881 1335 tempore
919 1261 964 1313 11
1006 1241 1132 1334 plane,
1182 1263 1258 1334 quo
1296 1243 1409 1316 ambo

217 1369 382 1463 liquores
401 1370 499 1443 inter
517 1392 557 1443 se
578 1368 806 1461 contingunt,
828 1369 932 1441 color
946 1369 1075 1441 luscus
1094 1368 1272 1443 nascitur.

327 1497 554 1571 Centimetra
581 1495 731 1570 cubica
765 1495 787 1568 5
830 1493 966 1587 Amylii
1003 1494 1135 1568 nitrosi
1180 1497 1407 1571 reactionem

217 1624 415 1697 alcalinam
437 1623 626 1697 mixtionis
646 1645 666 1697 e
687 1622 892 1697 centimetri
911 1621 1031 1696 cubici
1050 1624 1111 1695 0·1
1136 1623 1347 1697 ammoniae
1371 1628 1409 1699 et

218 1751 475 1826 ecentimetro
496 1750 628 1824 cubico
651 1751 668 1822 1
693 1750 814 1843 aquae
833 1771 882 1823 ne
903 1749 1065 1823 deleant.

323 1877 484 1952 Mixtura
511 1899 532 1951 1
560 1877 779 1951 centimetro
810 1878 940 1950 cubico
964 1879 1024 1951 l·5
1045 1878 1242 1953 solutionis
1262 1878 1408 1970 argenti

216 2005 346 2097 nitrici,
367 2004 584 2080 centimetro
604 2004 735 2079 cubico
768 2005 828 2079 1·5
849 2004 1030 2078 alcoholis
1055 2005 1218 2079 absoluti
1237 2011 1274 2079 et
1293 2006 1408 2098 guttis

215 2133 407 2207 nonnullis
436 2132 647 2206 ammoniae
676 2131 894 2206 centimetro
923 2132 1055 2206 cubico
1079 2134 1096 2206 1
1120 2133 1255 2225 Amylii
1273 2134 1408 2208 nitrosi

214 2260 289 2334 leni
308 2261 430 2335 calore
449 2281 497 2334 ne
519 2259 683 2334 colorem
701 2261 852 2334 luscum
870 2281 965 2334 neve
985 2260 1135 2352 nigrum
1152 2259 1300 2334 tribuat.

323 2387 510 2480 Amylium
523 2388 710 2461 nitrosum
720 2387 769 2461 ad
783 2389 1133 2481 111111111111110ο
1146 2387 1406 2482 refrigeratum

214 2536 262 2588 ne
281 2515 462 2589 turbetur.

322 2643 497 2717 Servetur
524 2664 548 2716 a
574 2643 657 2717 luce
684 2647 871 2717 remotum
896 2640 936 2715 irr
959 2641 1062 2716 vasis
1081 2641 1178 2716 hene
1198 2641 1346 2716 siccatis
1367 2647 1407 2716 et

214 2771 363 2844 clausis

546 2948 794 3118 myrum
839 2949 1061 3119 drymc.
1174 3025 1177 3034 ·

320 3153 496 3246 Amylum
524 3174 544 3227 e
571 3153 753 3228 fructibus
787 3150 919 3250 Orpzac
937 3153 1070 3225 sativae
1089 3153 1160 3245 (L.)
1179 3152 1219 3226 in
1246 3152 1407 3228 officinis

211 3280 372 3373 propriis
392 3285 617 3375 separatum.
806 3259 809 3266 '

319 3407 445 3481 Pulvis
465 3408 732 3483 subtilissimus
748 3408 965 3485 albissimus
985 3431 1138 3503 111111,
1153 3410 1279 3484 odoris
1295 3433 1404 3504 sapo-

210 3532 337 3626 risque
371 3556 516 3628 expers,
549 3536 758 3611 insoluhilis
790 3536 830 3610 in
863 3558 965 3630 aqua
994 3536 1124 3629 frigida
1151 3559 1222 3612 nec
1253 3560 1331 3611 non
1362 3538 1402 3611 in

211 3661 343 3754 spiritu
361 3662 448 3736 vini.

317 3788 560 3883 Microscopio
581 3791 798 3884 exploratus
817 3791 916 3865 sistit
934 3792 1091 3883 granula
1114 3792 1259 3866 minuta
1284 3794 1401 3884 3-9,

209 3916 429 4009 plerumque
469 3917 492 3989 6
530 3916 856 4014 micromillimetra
896 3919 935 3992 in
978 3918 1170 4006 diametro,
1210 3919 1402 4011 polyedra,

209 4063 347 4135 magna
375 4064 421 4117 ex
448 4049 553 4137 parte
581 4031 800 4137 regulariter
826 4050 955 4140 penta·
975 4054 1012 4120 11
1030 4046 1239 4138 hexagona,
1274 4047 1402 4140 quoad

209 4170 501 4262 magnitudinem
529 4177 566 4244 11
591 4172 753 4246 formam
776 4173 868 4247 satis
894 4173 1076 4267 aequalia,
1108 4194 1187 4247 non
1209 4195 1295 4247 raro
1325 4173 1400 4248 duo

208 4300 274 4369 111
291 4298 401 4389 plura
420 4298 670 4372 cohaerentia.

317 4424 411 4498 Cum
430 4447 530 4518 aqua
549 4432 848 4518 conquassatum
866 4427 1043 4521 Amylum
1062 4427 1206 4520 Oryzae
1225 4427 1399 4501 filtrando

208 4549 391 4642 liquorem
404 4553 592 4644 praebeat,
604 4553 668 4646 qui
683 4575 732 4628 ne
747 4553 820 4627 nisi
834 4553 987 4629 minime
1002 4556 1172 4628 chartam
1186 4554 1394 4648 explorato·

206 4675 297 4750 riam
318 4682 445 4751 mutet.

314 4815 506 4872 Pharmacopoen.
1166 4819 1183 4875 3
