3725 5400
909 452 1142 526 ..XIV-

433 712 437 718 ·
536 673 584 752 In
608 675 814 753 exarando
837 680 957 754 textu
979 675 1335 779 pharmacopoeae
1362 678 1415 755 ad
1445 678 1625 758 obtinen-

428 838 523 915 dam
555 838 852 938 aequalitatem,
883 838 1085 917 unitatem
1123 862 1199 918 nec
1241 862 1322 918 non
1359 846 1624 943 conspectum
1746 942 1748 945 Ι

428 1002 583 1080 clarum
615 1001 897 1104 descriptionis
929 1003 1206 1095 articulorum,
1248 1004 1347 1082 ordo
1380 1004 1625 1106 procedendi

428 1127 665 1243 observatur
694 1163 761 1263 ita,
789 1171 835 1245 ut
860 1165 900 1245 in
924 1166 1222 1268 praeparatis
1245 1166 1470 1245 chemicis
1493 1167 1622 1270 primo

427 1308 516 1407 loco
539 1351 682 1407 eorum
703 1328 972 1431 proprietates
995 1328 1350 1434 physiognomicae
1370 1335 1412 1409 et
1429 1330 1621 1433 physicae

427 1496 694 1594 exponantur,
716 1498 805 1570 tum
836 1492 1067 1572 reactiones
1095 1492 1313 1587 chemicae,
1346 1493 1490 1596 quibus
1511 1494 1620 1572 iden-

428 1655 543 1748 ditas,
567 1655 740 1757 qualitas
763 1662 805 1734 et
827 1656 1032 1758 quantitas
1056 1679 1131 1735 noc
1164 1678 1244 1736 non
1266 1656 1500 1760 incorrupta
1521 1656 1620 1737 inte·

426 1818 550 1921 gritas
573 1817 802 1919 praeparati
813 1818 1065 1910 diiudicatur,
1081 1820 1253 1921 denique
1268 1820 1496 1901 reactiones
1506 1845 1619 1923 prae·

368 1932 373 1943 .
427 1981 666 2074 scribantur,
698 1982 843 2083 quibus
875 1988 988 2060 certa
1011 1984 1211 2083 quaedam
1244 1983 1471 2062 substantia
1487 1985 1620 2089 detegi

426 2151 468 2223 et
489 2145 749 2224 determinari
775 2144 914 2248 possit,
956 2169 1036 2247 qua
1074 2146 1183 2225 haud
1209 2170 1302 2225 raro
1333 2153 1619 2249 praeparatum

424 2306 564 2386 venale
586 2307 840 2410 inquinatum
863 2309 945 2387 sive
969 2309 1242 2387 adulteratum
1264 2308 1430 2389 occurit.

437 2452 440 2457 Δ
534 2468 652 2563 Quod
673 2470 1018 2551 medicamenta
1041 2472 1273 2575 simplicia
1300 2471 1455 2564 attinet,
1487 2471 1616 2573 primo

425 2635 514 2715 loco
533 2634 724 2715 identitas
747 2635 1134 2720 commemoratione
1163 2622 1336 2715 nominis
1368 2635 1618 2736 systematici

425 2800 585 2902 plantae
609 2806 680 2878 aut
701 2799 896 2892 animalis
920 2824 973 2877 ex
997 2823 1076 2902 quo
1100 2800 1296 2904 originem
1318 2799 1452 2892 habet,
1489 2800 1617 2879 decla·

423 2969 548 3042 ratur.
587 2963 776 3065 Sequitur
807 2964 961 3043 notatio
993 2961 1332 3067 physiographica
1361 2963 1517 3043 indiciis
1549 2989 1617 3042 ex-

423 3127 550 3205 ternis
572 3127 1071 3232 physico-morphologicis
1100 3132 1143 3205 et
1173 3150 1319 3205 sensus
1350 3127 1617 3205 afficientibus

423 3290 533 3393 ipsis.
554 3291 656 3368 'lum
693 3290 734 3368 in
758 3291 1006 3393 simplicibus
1035 3290 1257 3393 potioribus
1290 3289 1444 3370 notatio
1476 3290 1618 3369 micro

424 3455 587 3557 scopica
608 3454 763 3533 indiciis
787 3455 1025 3534 anatomicis
1046 3454 1328 3558 insignioribus
1350 3461 1392 3533 et
1407 3455 1447 3532 iu
1462 3449 1617 3557 'simpli-

424 3618 548 3710 cibus
572 3599 675 3720 quae
694 3619 902 3720 pulverata
924 3642 1026 3720 pura
1049 3624 1120 3697 aut
1139 3617 1375 3720 praeprimis
1397 3618 1438 3696 in
1455 3619 1616 3720 pulvere

423 3782 515 3859 usui
558 3782 715 3861 medico
739 3805 787 3860 ac
830 3781 1163 3884 pharmaceutico
1201 3781 1433 3873 inserviunt,
1463 3782 1616 3860 notatio

423 3944 661 4048 histologica
682 3946 856 4048 pulveris
879 3946 1005 4048 ipsius
1037 3945 1193 4026 indiciis
1224 3944 1473 4049 histologicis
1504 3968 1617 4047 prae-

424 4109 671 4201 cellentibus,
715 4109 995 4212 singularibus,
1034 4107 1244 4211 specificis,
1300 4108 1444 4209 quibus
1489 4108 1616 4211 pulvis

424 4272 688 4375 dignoscitur·
712 4274 761 4350 ab
799 4272 895 4365 aliis
928 4273 1073 4374 quibus
1105 4260 1307 4364 identitas,
1338 4269 1546 4374 integritas
1575 4269 1617 4351 et

423 4441 621 4538 quantum
652 4442 788 4538 potest
825 4437 887 4513 vel
928 4436 1102 4538 qualitas
1135 4434 1392 4540 cognoscitur
1432 4441 1474 4513 et
1504 4459 1616 4538 prae·

423 4601 555 4679 sentia
586 4600 905 4678 substantiarum
938 4599 1159 4678 alienarum
1201 4600 1485 4692 admixtarum,
1524 4600 1615 4678 sub·
