3725 5400
727 491 963 563 -111-

252 709 435 784 solvendo
454 708 493 782 in
512 707 640 803 patina
658 707 896 801 porcelianea
923 706 1101 800 ponderis
1129 706 1211 780 noti
1237 705 1276 779 in
1303 707 1440 781 balneo
1544 760 1548 766 -

253 857 387 930 aquae,
418 835 661 910 admiscendo
685 839 841 910 Extracti
868 837 1032 909 narcotici
1058 839 1205 929 partem
1237 835 1270 924 1,
1306 855 1441 929 evapo-

251 963 372 1037 rando
390 963 597 1037 miscellam
628 963 700 1037 sub
730 962 909 1036 continua
936 961 1135 1055 agitatione
1164 962 1213 1035 ad
1238 961 1443 1037 siccitatem

253 1095 291 1165 et
308 1090 462 1165 demum
481 1089 656 1164 addendo
676 1092 805 1164 oanni
817 1093 958 1164 leodac
972 1093 1131 1180 tantum,
1147 1093 1191 1163 ut
1204 1088 1443 1163 obtineantur

253 1222 380 1311 partes
400 1218 424 1292 b
443 1221 599 1293 manati
621 1220 704 1293 sicet
729 1222 819 1312 post
835 1216 1156 1311 refrigerationem
1182 1217 1221 1290 in
1249 1217 1443 1312 pulverem

251 1343 455 1437 redigendi.

358 1472 460 1546 Haec
479 1493 615 1546 norma
627 1492 707 1545 non
718 1471 818 1545 valet
831 1492 899 1565 pro
915 1474 1080 1545 extracto
1095 1469 1283 1545 Cannabis
1293 1469 1442 1545 Indicae

252 1619 338 1673 cum
357 1598 524 1693 partibus
545 1599 568 1672 3
588 1597 731 1690 gummi
747 1597 906 1672 Acaciae
927 1598 1162 1672 exsiccando.

362 1725 537 1799 Extracta
554 1724 746 1799 narcotica
771 1725 812 1799 in
838 1724 1001 1800 formam
1020 1726 1197 1799 solutionis
1226 1724 1275 1798 ad
1294 1724 1443 1818 dispen-

119 1882 121 1889 *
253 1852 438 1927 sationem
456 1853 674 1945 redigantur
692 1853 874 1927 solvendo
893 1856 1048 1927 lixtracti
1066 1855 1231 1926 narcoticl
1249 1856 1375 1945 partes
1394 1853 1443 1925 10

252 1979 292 2053 in
314 1982 484 2074 partibus
510 1982 533 2055 6
556 1985 670 2073 Aquae
696 1981 850 2056 adiectis
869 1981 1039 2076 partibus
1061 1982 1084 2055 3
1104 1982 1276 2073 dlyccrlni
1289 1983 1443 2075 etparte

256 2107 272 2178 1
297 2110 549 2201 spiritualim

361 2234 558 2309 Eiusmodi
585 2234 739 2310 extracti
767 2239 833 2309 aut
860 2235 1058 2310 solutionis
1092 2234 1282 2329 quantitas
1320 2236 1445 2326 duplex

255 2359 324 2434 sed
351 2362 504 2436 extracti
533 2361 722 2436 Cannabis
749 2361 898 2436 Indicae
927 2362 1160 2457 quadruplex
1193 2362 1442 2456 dispensetur,

254 2492 379 2578 ntea,
409 2510 505 2581 quae
520 2482 557 2562 'a
589 2489 734 2563 medico
761 2491 843 2589 sub
876 2490 998 2564 torma
1025 2490 1178 2564 extracti
1207 2481 1443 2592 spissifprae·

253 2614 393 2709 scripta
409 2616 530 2689 fuerit

362 2746 534 2818 lixtractls
579 2747 762 2819 narcoticis
807 2748 1109 2837 praestantissimis
1156 2748 1329 2837 quantitas
1366 2746 1444 2819 sub·

257 2873 405 2944 santiae
428 2873 638 2946 alcaloideae
661 2874 799 2946 latinia
821 2875 1076 2965 praescribitur.
1102 2875 1272 2947 itiusmodi
1304 2875 1444 2944 lixtrao

255 3001 327 3069 tum
345 3001 544 3088 quantitatis
563 3000 773 3074 substantiae
792 3001 998 3074 deuotione
1026 3002 1209 3093 superioris
1226 3001 1446 3090 redigendum

257 3130 310 3198 est
328 3126 371 3196 ad
389 3128 632 3218 praescriptam
646 3129 718 3200 eins
734 3130 956 3217 quantitatem
975 3133 1036 3201 aut
1047 3128 1216 3201 miscendo
1231 3129 1444 3201 exactissime

260 3253 402 3342 pulvere
416 3254 542 3341 gunni
554 3255 696 3325 Accolae
710 3258 770 3326 aut
783 3255 943 3327 solvendo
958 3275 1019 3346 ope
1032 3255 1205 3328 miscellae
1220 3255 1444 3345 supradictae,

258 3399 304 3452 ex
332 3400 433 3471 aqua
462 3401 548 3452 cum
581 3380 768 3471 glycerino
798 3385 835 3455 et
853 3382 981 3476 spiritu
998 3374 1085 3484 :vini
1113 3381 1315 3471 coniectae,
1344 3386 1447 3473 prout

257 3508 473 3598 dispensetur
491 3513 680 3581 exnactnm
698 3510 760 3582 snb
779 3511 885 3583 torna
903 3512 1057 3602 pulveris
1077 3514 1142 3583 aut
1160 3512 1347 3584 solutionis.

628 3867 886 4004 Extracta
903 3868 1084 4005 liuida

365 4141 594 4235 Praeparata
621 4143 773 4218 obtenta
800 4145 1031 4219 extrahendo
1050 4144 1323 4220 medicamenta
1340 4165 1447 4237 vege·

258 4268 387 4342 tabilia
403 4275 597 4344 menstruo
612 4270 675 4362 ita,
700 4276 744 4346 ut
761 4293 850 4366 pars
869 4272 1032 4347 Extraeti
1051 4273 1148 4367 parti
1168 4271 1315 4366 aequali
1333 4272 1447 4346 medi·

260 4395 420 4469 cementi
438 4396 595 4471 adhibiti
612 4401 853 4491 respondeat

363 4521 423 4595 Ad
461 4544 507 4597 ea
542 4526 712 4618 paranda
752 4527 985 4603 strictissime
1024 4528 1233 4603 secundum
1280 4528 1447 4621 singulas

261 4651 575 4745 praescriptiones
596 4655 799 4747 procedere
819 4660 976 4751 oportet.
