3725 5400
525 1664 529 1673 ’
676 1592 1046 1728 Praefatio.

357 1992 656 2101 'Experientiae
690 2004 732 2077 et
763 1997 1050 2100 acquisitiones
1091 2022 1332 2078 numerosae
1372 2021 1450 2080 nec

258 2186 340 2247 non
371 2185 438 2240 res
470 2185 598 2240 novae
629 2165 863 2263 spectantes
884 2161 1116 2241 universam
1143 2163 1369 2266 therapiam
1401 2166 1451 2243 ab

260 2318 365 2404 anno
386 2311 815 2440 {Mocconxxxlm
856 2348 937 2427 que
979 2325 1100 2404 editio
1132 2325 1221 2404 VII.
1254 2323 1448 2406 Pharma-

261 2511 436 2591 copoeae
464 2489 707 2567 Austriacae
739 2488 845 2592 typis
871 2489 1034 2592 vulgata
1063 2488 1150 2581 fuit,
1182 2486 1450 2585 medicamina
1514 2567 1516 2570 ,

261 2652 591 2732 numerosissima
622 2675 726 2731 nova
755 2652 988 2732 introducta
1022 2652 1062 2732 in
1093 2653 1330 2757 therapiam‚
1362 2677 1452 2757 pro·

261 2807 425 2920 gressus
455 2813 633 2920 insignes
664 2816 925 2896 Pharmaciae
958 2817 1117 2897 eteius
1151 2817 1450 2921 disciplinarum

259 2975 656 3058 fundamentaliumz.
679 2980 778 3058 artis
811 2979 993 3058 chemiae
1023 2980 1378 3083 pharmaceuticae
1411 2985 1453 3059 et

259 3142 645 3247 pharmacegnosiae
677 3166 753 3221 nec
780 3167 861 3221 non
883 3143 1072 3222 techniae
1094 3142 1447 3247 pharmaceuticae

265 3350 316 3362 -
363 3298 647 3385 additamentis
688 3329 793 3410 anno
830 3305 949 3387 MCM
989 3307 1250 3410 promulgatis
1290 3307 1451 3386 nonnisi

260 3463 468 3547 desideriis
491 3465 785 3573 urgentissimis
808 3470 1137 3550 succurrentibus
1161 3516 1216 3527 -
1239 3465 1450 3548 consilium

260 3623 441 3711 maxime
460 3634 737 3711 necessarium
759 3658 849 3712 esse
871 3635 1107 3736 probabant,
1131 3631 1315 3712 codicem
1336 3657 1450 3736 prae·

259 3788 420 3873 sentem
450 3793 669 3875 renovandi
701 3789 750 3876 et
773 3789 862 3876 loco
895 3796 1081 3875 editionis
1113 3795 1203 3875 VH.
1232 3790 1450 3874 editionem

144 3967 146 3970 ’
259 3955 371 4037 VIII.
395 3958 637 4038 elaborandi.

368 4120 411 4202 C.
431 4108 488 4238 [R.
510 4119 789 4201 'ministerium
819 4147 956 4201 rerum
987 4123 1248 4215 internarum,
1288 4123 1354 4200 cui
1386 4147 1451 4200 su·

259 4307 400 4387 prema
420 4277 562 4365 salutis
585 4287 768 4389 publicae
791 4310 889 4365 eura
920 4287 1054 4366 delata
1077 4283 1150 4379 est,
1172 4273 1349 4403 :consilio
1372 4308 1445 4389 pro

259 4445 431 4551 negotiis
462 4443 646 4529 sanitatis
678 4443 879 4552 supreme,
912 4451 1021 4552 quod
1051 4451 1105 4528 illi
1126 4441 1347 4529 Ministerie
1382 4449 1450 4528 ad·

256 4605 440 4691 iunctum
463 4619 538 4705 est,
560 4618 713 4717 rogato,
746 4614 877 4692 eidem
899 4607 1136 4693 mandatum
1164 4611 1275 4692 dedit
1305 4633 1452 4691 novam
