3725 5400
892 415 1132 487 -180-

694 626 1058 798 Poricarpiun
1086 629 1332 765 tuentii

723 833 876 915 Cortex
908 834 1067 915 fluetus
1099 836 1298 918 Aurantii.

523 1009 642 1086 Cilrus
679 1012 896 1087 durantium
935 1016 1156 1110 subspecies
1194 1041 1322 1091 amaro
1358 1018 1455 1092 vide:
1502 1019 1605 1092 Folia

411 1137 591 1212 Aurantii

520 1263 784 1359 Pericarpium,
828 1288 849 1340 e
889 1267 1074 1342 fructibus
1116 1269 1274 1343 maturis
1315 1271 1355 1344 in
1401 1272 1605 1362 segmentis

414 1393 635 1486 plerumque
650 1393 817 1487 ellipticis
833 1394 1041 1468 detractum
1052 1402 1089 1469 et
1103 1397 1283 1471 siccatum
1290 1397 1439 1472 exhibet
1448 1403 1607 1475 stratum

414 1517 575 1592 exterius
608 1520 1040 1615 tabernulam-rugosum
1069 1545 1089 1597 e
1118 1526 1234 1598 rubro
1262 1526 1424 1615 fuscum,
1454 1532 1605 1600 scatens

412 1648 656 1741 receptaculis
680 1649 763 1721 oleo
784 1650 961 1723 aethereo
990 1652 1153 1746 repletis
1178 1652 1287 1725 valde
1307 1653 1551 1727 aromaticum
1571 1658 1608 1727 et

412 1795 583 1849 amarum
615 1779 652 1849 et
683 1780 843 1849 stratum
878 1777 1034 1851 interius
1072 1779 1200 1852 album
1237 1779 1485 1874 spongiosum
1517 1781 1605 1854 sub-

413 1922 584 1975 amarum
615 1924 685 1976 nec
719 1904 977 1995 aromaticum,
1017 1904 1120 1998 quod
1151 1905 1403 1980 maceratione
1436 1907 1475 1980 10
1506 1885 1636 2000 aqua'

412 2027 547 2120 frigida
565 2029 683 2103 cultro
702 2032 975 2105 removendum
994 2037 1062 2105 est.

523 2156 600 2228 100
614 2162 740 2250 partes
750 2156 1139 2252 PancarpiiAurantii,
1156 2159 1287 2252 spiritu
1300 2160 1378 2234 vini
1387 2160 1605 2250 exhaustae,

412 2304 460 2356 ne
487 2282 612 2356 minus
642 2304 757 2376 quam
787 2289 915 2379 partes
950 2285 1000 2358 38
1034 2287 1187 2359 extracti
1218 2286 1435 2381 praebeant.
1465 2287 1607 2361 Eadem

412 2409 600 2502 quantitas
639 2411 837 2485 combusta
872 2434 920 2485 ne
957 2413 1044 2506 plus
1082 2433 1197 2506 quam
1233 2418 1360 2508 partes
1405 2414 1428 2487 6
1472 2414 1606 2489 cineris

415 2535 609 2628 relinquat

450 2863 928 2999 Phenylum
968 2861 1575 3001 saltwltcuwl

417 3121 423 3134 .
519 3062 707 3140 Lemellae
738 3065 973 3157 crystallinae
1003 3066 1121 3156 albae,
1151 3066 1302 3157 nitidae,
1328 3066 1456 3140 odoris
1476 3066 1607 3141 debilis

409 3191 615 3281 aromatici,
654 3192 801 3285 saporis
833 3194 911 3266 fere
950 3199 1134 3287 expertae,
1172 3193 1212 3267 in
1245 3215 1344 3287 aqua
1375 3193 1607 3284 insolubiles

408 3318 451 3393 m
467 3315 602 3412 spiritu
623 3319 710 3409 vini,
732 3321 883 3394 aethere
912 3325 949 3394 et
982 3321 1245 3395 chloroformio
1278 3322 1386 3396 facile
1411 3322 1606 3410 solubiles;

412 3451 665 3540 temperatura
683 3447 895 3522 410-430
916 3447 1142 3541 liquescunt.

522 3573 664 3647 Solutio
707 3574 921 3668 spirituosa,
986 3575 1112 3648 addito
1159 3577 1258 3650 ferro
1305 3577 1606 3669 sesqulchlorato

413 3700 549 3791 soluto,
568 3702 733 3774 colorem
746 3701 956 3776 violaceum
970 3703 1092 3792 trahit,
1112 3702 1240 3776 addita
1254 3724 1355 3795 aqua
1367 3703 1490 3776 bromi
1502 3725 1608 3798 prae·

413 3827 603 3921 cipitatum
622 3829 749 3902 album
769 3828 937 3903 demittit.

521 3954 732 4048 Phenylum
769 3956 1000 4049 salicylicum
1038 3980 1125 4031 cum
1166 3957 1287 4031 natrio
1324 3956 1609 4052 hydrooxydato

415 4084 539 4157 soluto
556 4083 776 4157 calefactum
792 4083 978 4176 liquorem
992 4084 1147 4177 praebet
1160 4084 1366 4177 limpidum,
1382 4085 1447 4181 qui
1461 4085 1609 4177 refrige-

413 4216 518 4285 ratus
538 4213 575 4284 et
593 4211 700 4285 acido
719 4211 1006 4299 hydrochlorico
1027 4217 1334 4307 supersaturatus
1355 4213 1504 4286 acidum
1523 4213 1608 4287 sali·

414 4337 573 4431 cylicum
592 4336 755 4430 deponit.

521 4603 546 4675 ¹')
561 4603 672 4660 Occurit
683 4605 714 4659 ln
726 4610 880 4661 mercatura
891 4605 944 4660 sul>
957 4607 1067 4660 nomine
1083 4605 1199 4670 ,Salol‘.
