3725 5400
717 493 957 568 -aar-
1098 536 1102 547 -

492 710 791 822 Samen
824 709 1198 821 colomeo.

353 929 549 1004 Colchicum
577 929 781 1004 autumnale
808 930 862 1019 L.‚
892 931 1022 1024 planta
1048 931 1214 1004 rediviva
1241 931 1431 1021 tuberosa‚

237 1065 345 1155 prata
362 1057 520 1132 humida
538 1057 678 1150 ubique
699 1058 801 1152 apud
820 1079 892 1131 nos
911 1056 1140 1131 inhabitans.

346 1186 498 1259 Semina
530 1184 768 1258 albuminosa
790 1186 953 1280 perfecte
987 1188 1145 1275 matura,
1174 1185 1315 1260 siccata
1342 1186 1430 1260 sub·

238 1314 407 1407 globosa,
440 1312 544 1385 u-tt
574 1311 785 1385 millimetra
811 1312 850 1385 in
884 1311 1077 1404 diametro,
1107 1311 1191 1385 basi
1224 1313 1433 1407 strophiola

238 1443 536 1531 subacnminata,
559 1440 664 1530 dura,
681 1447 780 1516 testa
792 1442 897 1516 tenui
912 1447 1020 1516 extus
1037 1464 1157 1536 opaca
1179 1443 1431 1533 rubro-fusca,

238 1569 500 1643 delicatissime
546 1551 933 1663 foveolatosspunotata
979 1575 1045 1643 aut
1089 1571 1231 1644 minute
1278 1593 1431 1663 rugosa.

238 1698 399 1790 Embryo
419 1719 558 1790 parvus
578 1703 704 1772 rectus
729 1697 942 1776 continetur
970 1698 1046 1771 sere
1077 1698 1307 1772 exadversus
1337 1703 1431 1772 stro-

236 1824 403 1918 phiolam
444 1824 483 1897 in
524 1832 629 1919 parte
671 1823 866 1919 periferica
904 1824 1104 1899 albuminis
1143 1825 1252 1899 solidi
1291 1826 1429 1917 cornei,

238 1951 500 2045 griseo-albidi.

346 2080 498 2154 Semina
526 2087 616 2155 sunt
648 2081 795 2174 saporis
824 2081 1011 2174 perornari
1040 2085 1077 2154 et
1104 2080 1215 2167 acris;
1252 2101 1299 2155 ne
1335 2081 1433 2155 ultra

238 2230 381 2281 annum
401 2209 600 2282 servanda.

349 2338 425 2410 100
440 2343 566 2431 partes
581 2337 717 2410 mercis
732 2359 780 2410 ne
796 2337 921 2410 minus
938 2359 1052 2430 qnam
1067 2341 1193 2430 partes
1213 2337 1262 2410 10
1278 2338 1432 2411 extracti

237 2462 427 2556 spirituosi
446 2464 663 2558 praebeant.
699 2464 841 2536 Eadem
861 2465 1049 2557 quantitas
1068 2464 1204 2537 mercis
1234 2464 1433 2538 combusta

236 2612 285 2664 ne
304 2592 390 2684 plus
410 2613 525 2684 quam
543 2597 671 2686 partes
693 2593 715 2664 8
737 2591 871 2665 cineris
890 2591 1141 2665 luscescentis
1161 2592 1361 2683 relinquat.

535 2989 728 3125 Senon
754 2990 917 3124 Faeni
945 2989 1145 3159 grand.

348 3264 549 3362 Triyonello
581 3264 725 3359 foenum
761 3263 933 3338 Graecum
965 3263 1019 3356 L.,
1056 3265 1186 3359 planta
1219 3287 1358 3355 annua,
1392 3264 1432 3338 in

124 3408 126 3410 ’
236 3395 387 3489 regione
421 3395 695 3468 mediterranea
727 3415 798 3467 nec
832 3415 910 3466 non
943 3393 982 3465 in
1015 3392 1108 3465 Asia
1141 3392 1362 3466 occidentali
1396 3397 1433 3466 01

235 3524 468 3597 meridionali
487 3523 673 3616 indigena,
692 3523 732 3595 in
751 3521 943 3595 nonnuliis
962 3521 1071 3595 terris
1093 3522 1202 3594 00110.

345 3651 496 3724 Semina
521 3655 669 3724 matura
698 3649 839 3722 siccata
867 3648 1080 3737 durissima,
1117 3646 1242 3740 quoad
1270 3647 1432 3721 formam

235 3779 457 3872 inaequalia,
493 3778 561 3851 sed
580 3779 802 3870 plerumque
823 3776 1307 3867 subrhombeotetragona,
1329 3795 1430 3847 com-

235 3906 500 4001 pressinscula
534 3906 641 3977 3-4
661 3905 872 3978 millimetra
889 3906 1013 3996 longa,
1047 3904 1192 3977 u·5-3
1222 3903 1432 3976 millimetra

234 4038 310 4108 lata
325 4038 361 4107 et
377 4056 517 4121 crassa,
529 4034 702 4125 utrinque
715 4037 898 4106 truncata.
916 4033 1061 4120 801000,
1089 4054 1133 4104 ex
1144 4030 1221 4103 hilo
1236 4012 1432 4122 marginali

236 4164 417 4255 depresso
438 4165 543 4234 ortus
559 4160 796 4253 superficiem
816 4159 972 4232 seminis
989 4164 1117 4232 exarat
1130 4159 1169 4230 in
1189 4157 1284 4230 duas
1304 4162 1430 4250 partes

235 4290 465 4382 inaequaleS‚
488 4309 648 4380 quarum
668 4286 790 4360 minor
809 4286 1027 4376 radiculam,
1048 4286 1167 4358 maior
1187 4284 1429 4377 cotyledones

235 4419 539 4511 planoeonvexas
555 4415 769 4510 embryonis
780 4415 1119 4488 uncinata-curvati
1134 4411 1347 4486 ochroleuci
1359 4412 1430 4484 sub

235 4551 333 4619 testa
351 4543 574 4617 ssavo-fusca
593 4550 658 4616 aut
681 4543 836 4633 branca,
868 4542 1008 4633 glabra,
1039 4540 1431 4635 punctam-granulata

237 4673 414 4746 continet.

291 4829 482 4884 Pharmeeopooa.
1179 4807 1214 4860 22
