3725 5400
915 467 1158 541 -320-

438 684 1394 782 angustumperiphericumprobatapartecentrali
1402 685 1633 779 amplalinea

439 812 719 887 endodermidis
739 812 863 886 albida
882 817 1111 907 separatum.

546 940 741 1014 Structura
767 939 922 1013 Radicis
950 940 1155 1015 Zedoariae
1186 940 1316 1016 similis
1343 939 1396 1014 illi
1414 938 1632 1033 Zingiberis.

440 1066 568 1142 Grana
586 1066 699 1160 amyli
727 1067 919 1142 discotdea
947 1068 1081 1158 oralia,
1106 1073 1217 1143 ovata
1233 1073 1305 1166 *aut
1327 1067 1491 1159 oblonga
1513 1065 1561 1140 ad
1583 1068 1634 1141 60

436 1194 561 1268 rarius
579 1215 703 1286 usque
724 1195 772 1267 ad
794 1194 843 1268 75
863 1195 1192 1270 micromillimetra
1208 1196 1334 1287 longa.

550 1321 779 1416 inoperire
814 1323 948 1396 mercis
980 1344 1029 1397 ne
1057 1324 1143 1417 plus
1162 1343 1277 1416 quam
1295 1325 1423 1416 partes
1458 1318 1634 1396 itineris

437 1448 660 1560 relinquant.
1754 1437 1762 1446 ’

547 1954 714 2054 Zinptber
741 1956 918 2051 officinale
935 1957 1120 2050 Roscoe,
1138 1958 1267 2053 planta
1279 1958 1468 2053 perennis,
1484 1958 1524 2031 in
1546 1956 1638 2032 Asia

437 2084 581 2179 tropica
598 2085 785 2177 indigena,
805 2086 945 2160 ibidem
964 2091 1076 2180 atque
1090 2087 1129 2159 in
1144 2086 1224 2160 aliis
1238 2088 1348 2160 terris
1362 2085 1514 2180 tropicis
1530 2085 1638 2160 culta.

547 2212 734 2287 Rhizoma
761 2212 1155 2287 tuberoso-ramosum
1178 2235 1202 2286 a
1228 2213 1343 2287 latere
1363 2233 1635 2307 compressum,

441 2339 723 2433 superficialiter
760 2345 903 2414 remote
952 2342 1172 2415 annulatum
1217 2339 1405 2414 radicibus
1449 2339 1635 2428 orbatum,

439 2467 575 2562 partim
595 2468 862 2542 decorticatum
894 2468 1089 2542 concisum
1108 2473 1146 2542 et
1165 2469 1358 2543 siccatum.

547 2591 656 2668 Marx
694 2595 791 2669 sistit
826 2595 948 2669 frusta
984 2595 1128 2670 circiter
1161 2595 1184 2670 l
1219 2596 1438 2670 centimetra
1483 2595 1559 2669 lata
1600 2599 1639 2667 et

440 2724 534 2797 8-
560 2724 609 2796 10
646 2723 856 2797 millimetra
902 2745 1043 2814 crassa,
1099 2724 1320 2818 plerumque
1371 2723 1638 2818 subpalmatim

438 2872 593 2924 ramosa
619 2850 735 2924 ramis
754 2850 932 2924 brevibus
953 2850 1110 2941 obtusis,
1129 2852 1243 2946 paulo
1266 2851 1459 2947 productis
1479 2856 1517 2925 et
1534 2872 1637 2945 pror·

440 3000 527 3053 sum
546 2978 719 3068 arcuatis,
740 2978 779 3051 in
793 2978 973 3052 lateribus
987 2979 1230 3073 planiusculis
1258 2980 1392 3073 partim
1413 2978 1638 3053 decorticata

440 3106 575 3179 coloris
612 3105 788 3199 plumbei,
836 3110 1001 3181 ceterum
1047 3107 1295 3201 peridermate
1337 3105 1636 3198 flando-griseo

440 3254 572 3324 grosse
591 3254 734 3326 rugoso
753 3233 912 3325 obtecta,
932 3235 1090 3322 tenacia,
1124 3237 1217 3308 satis
1237 3239 1443 3329 compacta,
1471 3235 1638 3308 fractura

439 3360 553 3453 paulo
571 3358 725 3450 fibrosa,
760 3361 887 3434 odoris
921 3361 1095 3454 specialis
1129 3361 1332 3451 aromatici,
1364 3361 1512 3455 saporis
1546 3361 1637 3434 acri·

441 3486 735 3561 condimentarii.

548 3614 593 3688 ln
611 3613 777 3689 sectione
811 3621 1039 3704 transversa,
1079 3615 1215 3689 coloris
1249 3615 1362 3689 albidi
1397 3615 1457 3689 vel
1495 3615 1636 3689 albido·

442 3742 553 3833 grisei
584 3743 659 3816 tola
678 3742 860 3817 corticalis
881 3763 1001 3835 aeque
1021 3764 1065 3817 ac
1084 3764 1173 3837 pars
1193 3744 1365 3817 cannulis
1384 3744 1481 3817 intra
1499 3743 1637 3817 lineam

442 3869 721 3943 endodermidis
763 3871 1005 3944 tenerrimam
1027 3870 1177 3964 punctis
1211 3871 1482 3965 copiosissimis
1520 3870 1637 3945 luscis

442 4000 508 4069 aut
526 3996 664 4070 citrinis
684 3997 832 4090 signata
850 4003 919 4072 est.

550 4123 630 4217 Ope
668 4124 904 4219 microscopii
943 4124 1135 4218 explorata
1170 4124 1292 4199 Radix
1329 4124 1467 4199 eminet
1503 4145 1636 4218 paren·

441 4251 614 4345 chymate
648 4273 668 4324 e
708 4250 848 4325 cellulis
890 4251 1079 4345 polyedris
1116 4250 1371 4346 leptodermis,
1405 4250 1636 4325 scatentibus

442 4378 565 4471 amylo
583 4377 623 4450 in
637 4378 763 4470 granis
783 4377 1012 4473 simplicibus
1028 4378 1240 4468 discoldeis,
1257 4377 1557 4469 ovato-oblongis
1572 4382 1638 4451 aut

441 4505 747 4596 ovato-cuneatis,
781 4527 895 4599 saepe
928 4505 978 4578 ad
1010 4505 1126 4579 finem
1153 4507 1192 4580 in
1211 4506 1399 4600 apiculum
1418 4507 1531 4580 breve
1551 4527 1636 4600 pro·

441 4633 579 4722 tractis,
596 4633 721 4706 stratis
737 4632 954 4706 excentricis
968 4633 1178 4707 tenerrimis
1189 4639 1225 4707 et
1235 4633 1470 4707 densissimis
1481 4633 1634 4723 ornatis
