3725 5400
746 486 935 559 ..7-

244 705 433 782 carbonici
469 704 509 781 iu
541 704 771 780 centimetris
805 703 947 780 cubicis
982 703 1033 777 20
1063 723 1183 797 aquae
1212 700 1434 789 ebullientis,

242 838 332 926 post
357 833 677 925 refrigerationem
719 832 768 906 ad
801 831 1021 906 centimetra
1053 830 1184 906 cubica
1216 830 1292 903 100
1321 830 1438 904 diluta

243 961 462 1036 centimetra
514 961 648 1036 cubica
696 960 744 1033 10
793 959 992 1035 solutionis
1043 960 1120 1034 iodi
1171 958 1464 1035 decinormalis

243 1087 470 1164 decolorent

547 1447 772 1583 Aridum
802 1448 1126 1584 tenorem.

348 1724 532 1819 crystalli,
572 1745 592 1797 e
624 1725 752 1799 resina
788 1725 937 1799 Benzoe
979 1724 1240 1800 sublimatione
1275 1731 1432 1819 paratae

239 1853 444 1927 aniculares
463 1852 525 1926 vel
541 1851 730 1943 foliaceae,
759 1852 953 1926 subflavae
972 1852 1032 1926 rel
1049 1852 1433 1945 lusco-flavescentes

238 1980 371 2054 nitoris
405 1979 546 2068 sericei,
580 1978 725 2074 saporis
748 1980 894 2069 acidub,
924 1979 1050 2053 odoris
1070 1979 1239 2053 Benzoes
1267 2000 1435 2053 necnon

241 2106 558 2200 empyreumatici.

346 2233 507 2308 Aridum
525 2237 745 2309 benzoicum
772 2234 920 2308 intubo
948 2235 1164 2329 probatorio
1191 2212 1433 2309 fervefactum

239 2362 401 2457 primurn
419 2361 590 2455 liquescit
607 2360 647 2434 in
664 2361 851 2454 liquorem
869 2362 1081 2436 subflavum
1119 2363 1179 2436 vel
1198 2363 1432 2453 subfnscnm,

239 2491 325 2564 dein
344 2489 521 2563 sublimat
537 2489 649 2582 plane
669 2490 728 2563 rel
746 2490 896 2563 residuo
915 2490 1022 2564 fusco
1042 2491 1177 2582 exiguo
1196 2491 1336 2564 relicto.

347 2615 389 2689 In
409 2616 605 2708 solutione,
639 2616 945 2711 superfundendo
974 2617 1265 2711 decigrammata
1284 2618 1307 2690 b
1327 2617 1433 2691 beidi

240 2744 408 2818 benzoici
445 2744 671 2818 centimetris
708 2746 847 2819 cubicis
894 2746 945 2819 ab
983 2766 1103 2839 aquae
1142 2750 1179 2819 et
1215 2745 1434 2820 centimetro

241 2872 371 2946 cubico
414 2874 431 2945 1
478 2872 677 2945 solutionis
723 2873 810 2946 kalii
859 2872 1133 2966 hydrooxydati
1174 2873 1354 2946 normalis
1398 2877 1436 2947 et

241 3021 355 3093 saepe
376 3000 669 3092 conquassando
683 3004 826 3093 parata,
852 3001 983 3094 elapso
1008 3000 1218 3092 quadrante
1241 3000 1357 3074 horae
1376 3000 1431 3073 fil·

238 3131 338 3200 trata
365 3126 573 3218 praeferri
600 3128 890 3220 sesquichlorati
918 3128 1031 3202 soluti
1068 3129 1320 3201 sedimentum
1346 3127 1433 3201 sub·

239 3253 380 3326 flavum
405 3253 527 3326 efficit.
1086 3232 1089 3236 ¹

345 3379 506 3454 Aridum
542 3381 763 3455 benzolcum
798 3403 883 3454 cum
919 3382 1124 3475 vaporibus
1162 3403 1282 3474 aquae
1318 3381 1431 3475 plane

239 3507 375 3581 avolat.
404 3507 448 3581 In
465 3507 607 3581 lamina
623 3509 791 3600 platinea
807 3508 1051 3583 fervefactum
1068 3509 1253 3601 liquescit,
1273 3529 1434 3602 vapores

240 3636 368 3709 fauces
386 3640 599 3729 pungentes
613 3635 824 3728 tussimque
845 3637 1051 3709 excitantes
1071 3637 1260 3725 evolvens
1279 3637 1433 3709 tandem

237 3762 392 3834 flamma
408 3761 536 3835 lucida
553 3762 657 3835 nullo
678 3764 831 3836 omnino
850 3763 1003 3836 residuo
1023 3763 1243 3836 absumitur.

345 3888 388 3961 ln
406 3909 507 3982 aqua
524 3889 659 3982 frigida
673 3890 830 3977 difficile,
850 3890 888 3962 in
902 3890 1047 3964 fervida
1060 3911 1130 3964 nec
1148 3911 1227 3963 non
1245 3891 1284 3963 in
1302 3891 1432 3984 spiritu

236 4015 322 4104 vini,
342 4015 382 4088 in
402 4016 553 4089 aethere
574 4022 609 4089 et
635 4018 675 4090 in
704 4017 969 4091 chloroiormio
1001 4038 1072 4091 nec
1099 4039 1177 4091 non
1209 4018 1248 4090 in
1281 4019 1432 4092 aethere

236 4143 392 4236 petrolei
406 4143 512 4216 facile
528 4143 695 4218 solvitur.
719 4144 864 4219 Solutio
880 4166 1028 4237 aquosa
1042 4145 1164 4218 calida
1176 4143 1430 4237 refrigerando

236 4269 409 4343 turbatur
427 4270 535 4342 lactis
555 4271 632 4344 fere
652 4272 814 4364 speciem
834 4274 1032 4366 praebens

345 4396 518 4488 Crystalli
550 4398 655 4470 Acidi
692 4399 859 4472 benzolci
895 4399 934 4472 in
970 4400 1060 4473 tubo
1093 4399 1307 4492 probatorio
1344 4420 1430 4474 cum

236 4523 335 4597 kalio
353 4522 639 4617 hydrooxydato
660 4527 784 4600 soluto
806 4526 1007 4600 calefactae
1021 4547 1069 4600 ne
1084 4526 1312 4601 ammoniam
1332 4526 1430 4599 evol·

235 4655 337 4724 rant.
