3725 5400
704 473 940 544 -rru-

432 688 662 821 Fructus
702 685 921 820 Cassiae
959 684 1213 819 Fistulae.

333 924 458 1000 Casae
489 925 632 999 Fistula
664 927 717 1016 L.,
752 927 866 999 arbor
898 925 938 999 in
974 924 1081 998 India
1117 924 1288 998 orientali
1324 925 1418 998 indi-

220 1075 330 1148 gena,
351 1055 391 1127 in
409 1053 626 1147 regionibus
646 1053 774 1126 calidis
794 1055 972 1146 plantata

329 1180 536 1274 Legumina
559 1180 761 1273 cylindrica
783 1179 1065 1269 indehiscentia,
1092 1179 1420 1254 3--6deci1netra

217 1311 344 1402 ionga,
389 1307 570 1383 1·5--u·5
605 1308 823 1382 centimelra
860 1328 991 1381 crassa
1027 1305 1233 1400 pericarpio
1271 1306 1419 1398 lignosa

220 1441 328 1509 extus
349 1434 693 1527 furseo-nigricante,
728 1434 858 1524 nitido,
888 1434 995 1524 laeui,
1025 1434 1127 1507 intus
1156 1434 1271 1528 septis
1299 1439 1422 1507 trans-

220 1563 340 1636 versis
375 1562 646 1635 orbicularibus
665 1561 822 1654 lignosis
840 1562 879 1634 in
898 1563 1043 1635 locudos
1076 1561 1258 1654 plurimos
1291 1583 1422 1635 mono-

220 1711 405 1782 spermoS,
435 1690 589 1782 pulpam
617 1694 737 1762 atram
764 1694 948 1778 tenacem,
983 1688 1130 1782 saporis
1160 1688 1278 1761 durlcis
1308 1690 1423 1763 conti-

219 1820 353 1889 nentes
374 1815 501 1889 diuisa.

330 1942 559 2016 Reiiciantur
576 1942 767 2035 legumina
785 1945 900 2036 pulpa
918 1942 1079 2031 mucida,
1101 1942 1252 2016 insectis
1268 1964 1423 2016 corrosa

220 2075 288 2145 aut
306 2070 418 2143 nimis
439 2070 632 2144 exsiccata.

333 2198 408 2271 100
427 2202 554 2290 partes
583 2199 720 2290 pulpae
740 2218 827 2271 cum
852 2197 969 2291 septis
990 2202 1027 2270 et
1045 2196 1252 2271 seminibus
1272 2199 1421 2275 mercis,

219 2345 320 2418 aqua
363 2324 507 2398 feruida
554 2325 715 2417 perfecte
768 2324 971 2399 exhaustae
1028 2346 1076 2398 ne
1128 2326 1254 2398 miurus
1310 2346 1424 2418 quam

219 2455 346 2546 partes
362 2450 415 2525 40
435 2452 668 2525 substantiae
689 2451 809 2525 siccae
830 2452 1039 2525 exhibeant

301 2886 670 3000 stracten
712 2885 1345 3024 volumnumdtu.

334 3120 505 3196 Citrollus
537 3119 759 3220 Colocyntlu‘s
787 3120 1018 3214 Schrader,
1056 3124 1185 3217 planta
1222 3147 1351 3200 annua
1383 3126 1420 3199 in

222 3251 375 3343 regione
405 3249 690 3338 mediterranea,
720 3249 847 3322 Africa
874 3251 1017 3344 tropica
1040 3256 1077 3325 et
1095 3251 1186 3325 Asia
1205 3253 1422 3326 occidentali

222 3378 400 3469 indigena
420 3381 457 3449 el
475 3376 618 3469 passim
638 3376 746 3449 culta.

333 3504 475 3577 Baccae
496 3509 664 3576 maturae
680 3503 851 3592 siccatae,
874 3505 921 3577 ab
942 3504 1127 3599 epicarpio
1143 3507 1424 3582 coriaceoluteo

224 3633 401 3705 liberatae
416 3630 682 3722 magnitudinis
698 3629 878 3720 Aurantii,
896 3633 1088 3723 globosae,
1100 3634 1215 3727 pulpa
1223 3635 1423 3724 levissima,

226 3779 398 3847 exsucca,
433 3758 650 3851 spongiosa,
682 3758 1007 3849 subflauidoalba,
1038 3759 1178 3834 sistens
1206 3763 1426 3855 praesertim

226 3886 481 3978 perenchyma
509 3907 529 3957 e
554 3884 694 3957 cellulis
724 3885 856 3978 amplis
885 3886 1054 3959 obsolete
1082 3888 1283 3980 polyedris,
1311 3911 1426 3962 mem-

228 4014 348 4085 brana
366 4012 480 4100 tenui,
502 4032 633 4103 grosse
657 4016 836 4105 punctata
864 4013 1065 4102 instructis
1095 4015 1356 4105 sexloeulatae,
1390 4018 1427 4089 in

229 4139 395 4212 sectione
414 4145 631 4211 transversa
650 4160 742 4211 cauo
762 4141 915 4213 centrali
948 4141 1139 4215 lriradiato
1173 4142 1310 4233 hiante,
1341 4145 1428 4217 inde

230 4266 399 4339 facillime
424 4266 643 4338 secedentes
672 4267 711 4338 in
733 4267 755 4339 3
781 4271 976 4358 segmenta
1002 4268 1191 4343 verticalia
1218 4271 1428 4358 biloculata,

230 4391 391 4484 plurima
427 4393 571 4464 semina
604 4397 723 4480 orata,
752 4412 980 4485 compressa,
1008 4415 1086 4468 non
1110 4397 1329 4488 marginata,
1350 4398 1431 4470 niti·

234 4519 332 4608 dula,
353 4519 487 4591 coloris
508 4541 528 4591 e
548 4519 725 4592 subviridi
744 4520 989 4594 luscescentis
1009 4523 1245 4596 commentia.
1279 4524 1430 4616 Saporis

234 4651 324 4720 sunt
344 4646 575 4719 amarissimi.

288 4784 482 4839 Pharmacopoea.
1182 4790 1213 4842 12
