3725 5400
738 426 978 499 -403-

405 642 749 755 lineum
780 639 1305 781 amterminum

369 846 541 941 Crystalli
558 845 808 940 prismaticae'
821 846 1026 937 decolores
1046 844 1122 919 aeri
1141 845 1241 920 sicco
1262 845 1453 941 expositae

258 976 356 1049 lente
399 974 624 1065 fatiscentes,
661 974 900 1068 inpartibus
935 974 1001 1048 0·d
1035 994 1157 1067 aquae
1190 973 1382 1063 solubiles,
1416 972 1455 1046 in

261 1102 394 1196 spiritu
408 1101 484 1176 vini
502 1101 733 1176 insolubiles,
755 1101 899 1177 Solutio
920 1123 1077 1194 aquosa
1097 1100 1296 1176 reactionis
1316 1100 1455 1191 acidae,

259 1229 386 1303 addito
406 1229 523 1323 baryo
542 1229 673 1303 nitrieo
702 1230 988 1323 praecipitatum
1007 1228 1137 1302 album
1159 1228 1198 1303 in
1218 1228 1334 1302 acidis
1353 1228 1454 1302 inso-

257 1357 370 1431 lubile
396 1356 565 1446 demittit;
604 1357 769 1431 natrium
797 1357 1124 1452 hydrooxydatum
1153 1358 1319 1431 solutum
1347 1378 1453 1452 prae·

259 1484 451 1578 cipitatum
480 1485 617 1576 album,
644 1485 684 1558 in
713 1485 913 1559 excedente
945 1488 1120 1577 reagente
1145 1484 1303 1559 solubile
1323 1484 1453 1572 elficit;
1556 1537 1563 1546 -

262 1635 308 1685 ex
341 1614 413 1687 hac
449 1612 635 1687 solutione
675 1635 776 1705 aqua
812 1612 1120 1707 hydrosulfurata
1157 1612 1305 1685 zincum
1338 1612 1453 1685 suliu-

256 1746 381 1814 ratum
400 1740 536 1815 coloris
556 1740 630 1814 albi
650 1739 857 1835 deponitur.

233 1939 236 1947 .
365 1868 510 1942 Solutio
539 1890 686 1963 aquosa
714 1869 878 1961 (1=a0)
915 1869 965 1941 sit
1004 1869 1169 1959 decolor;
1198 1889 1268 1942 nec
1298 1874 1453 1961 argento

259 1996 401 2088 uitrico,
448 2018 518 2071 nec
565 1997 674 2071 acido
712 1996 891 2071 sulfurico
935 1996 1132 2085 acidulata,
1181 2017 1280 2090 aqua
1316 1997 1454 2090 hydro·

257 2124 442 2198 sullurata
459 2124 641 2215 turbetur,
660 2147 731 2199 nec
742 2124 958 2199 abundante
971 2123 1161 2200 ammonia
1170 2124 1454 2220 praecipitatum

258 2251 433 2346 deponat.
461 2252 710 2346 Superaddito
730 2253 922 2327 ammonio
942 2252 1126 2326 sulfurato
1145 2252 1330 2346 liquorem
1348 2274 1453 2349 prae·

258 2378 354 2472 beat,
380 2379 444 2473 qui
463 2371 490 2453 a*
510 2381 720 2455 sedimento
745 2381 905 2454 filtratus
931 2379 1196 2474 evaporatione
1220 2384 1258 2455 et
1274 2379 1452 2472 ignitione

256 2507 451 2582 residuum
469 2508 712 2602 ponderabile
732 2530 780 2581 ne
799 2508 996 2602 relinquat.
1077 2600 1079 2604 ,

366 2634 510 2725 Quodsi
531 2636 749 2711 centimetra
768 2635 900 2711 cubica
916 2636 938 2709 b
955 2636 1154 2711 solutionis
1178 2657 1346 2731 aquosae
1366 2657 1452 2712 cum

258 2763 405 2855 aequali
422 2762 612 2837 volumine
632 2764 830 2839 solutionis
859 2763 945 2836 ferri
974 2763 1141 2837 sulfurici
1169 2764 1285 2837 mixta
1308 2769 1346 2839 et
1368 2764 1453 2839 dein

257 2896 365 2965 caute
390 2891 630 2985 superinfuso
648 2892 787 2966 brerint
807 2891 914 2965 acido
935 2891 1115 2967 suliurico
1137 2895 1389 2981 concontrato,
1407 2914 1453 2967 eo

255 3018 381 3111 plano,
412 3039 488 3111 quo
512 3019 610 3093 inter
632 3041 674 3093 se
698 3020 864 3112 liquores
889 3020 1121 3113 contingunt,
1153 3041 1250 3094 zona
1276 3019 1385 3094 tusca
1403 3042 1451 3095 ne

256 3146 443 3240 adpareat

364 3272 521 3347 Zincum
540 3273 761 3347 sulfuricum
780 3295 866 3347 cum
883 3274 1005 3348 natrio
1020 3273 1305 3369 hydrooxydato
1326 3275 1450 3350 soluto

256 3400 477 3474 calefactum
497 3401 727 3475 ammoniam
745 3423 793 3476 ne
813 3402 972 3476 exhalet.

363 3528 580 3603 Grammata
609 3529 756 3603 bZinci
785 3529 953 3604 sulfurioi
972 3531 1198 3604 centimetn's
1233 3530 1375 3605 cubicis
1401 3533 1448 3604 10

253 3655 406 3749 spiritus
438 3656 515 3730 vini
552 3658 703 3750 saepius
743 3662 999 3751 conquassata
1036 3658 1174 3752 elapsis
1213 3659 1262 3731 10
1295 3658 1448 3733 minutis

253 3783 432 3856 filtratum
451 3785 667 3877 praebeant,
689 3785 792 3878 quod
822 3786 992 3859 chartam
1012 3785 1300 3881 exploratoriam
1320 3809 1447 3861 eaeru-

252 3911 350 3984 leam
368 3932 447 3984 non
465 3915 594 3986 mutat
