3725 5400
729 434 967 507 -167-

358 648 462 723 Folia
481 649 627 723 Sennae
647 654 869 744 praeparata
887 650 962 725 sint
980 652 1115 726 coloris
1140 673 1160 727 1
1179 653 1287 726 fusco
1310 651 1447 727 viridis.

253 777 348 852 Cum
367 777 527 870 decupla
555 777 760 870 quantitate
789 777 942 870 spiritus
970 778 1046 853 vini
1072 783 1237 853 extracta
1263 801 1311 853 111
1340 800 1446 873 prae·

252 906 367 981 beant
389 905 475 1000 plus
509 925 625 998 quam
643 909 769 997 partes
790 906 812 978 7
834 905 973 981 residui
993 906 1081 980 sicci
1109 928 1129 980 e
1158 906 1326 1000 partibus
1356 908 1443 995 100,

252 1055 375 1129 neque
409 1033 607 1107 combusta
639 1052 686 1106 ex
720 1032 853 1106 eadem
886 1033 1091 1126 quantitate
1123 1033 1209 1128 plus
1250 1054 1365 1126 quam
1398 1035 1441 1107 11

253 1162 444 1256 usquead
468 1162 514 1234 13
534 1165 662 1260 partes
682 1159 827 1234 cineris.

470 1447 715 1563 Folia
750 1449 1229 1562 acromonte.

362 1651 508 1725 Daiara
530 1650 773 1725 Stromoaium
792 1651 841 1741 Ia,
875 1652 1004 1745 planta
1029 1674 1158 1727 annua
1176 1653 1272 1728 inter
1300 1653 1449 1748 plantas

254 1780 446 1855 ruderales
466 1779 585 1853 obvia.

360 1907 466 1981 Folia
502 1905 613 2000 longe
650 1907 826 2001 petiolata
863 1912 984 1999 orata,
1032 1910 1184 1984 10-15
1233 1909 1449 1984 centimetra

253 2037 376 2129 longa,
409 2035 632 2124 acuminata,
657 2035 903 2129 inaequaliter
926 2038 1245 2112 sinuato-dentata
1276 2037 1449 2113 dentibus

256 2164 373 2239 acutis
392 2162 584 2257 porrectis,
614 2163 743 2251 laevia,
779 2164 906 2253 nilida,
945 2165 1158 2256 subglabra
1194 2166 1278 2258 pilis
1306 2166 1449 2259 sparsis

256 2292 432 2383 collapsis
447 2290 780 2384 pluricellularibus
794 2291 1035 2385 leptodcrmis
1055 2293 1094 2367 in
1114 2294 1309 2387 superficie
1323 2314 1449 2369 verru-

256 2419 395 2493 culosis
432 2419 652 2493 intermixtis
689 2418 773 2512 pilis
807 2420 975 2513 capitatis
1013 2419 1194 2514 pedicello
1231 2421 1335 2495 breui
1367 2422 1449 2496 uni·

255 2546 419 2621 cellulan‘
442 2551 508 2619 aut
531 2546 704 2640 elongato
729 2546 991 2637 pluricellulari
1010 2553 1047 2621 et
1070 2548 1231 2642 capitulo
1252 2548 1449 2642 sphaerico

252 2680 317 2748 aut
331 2673 493 2748 obovato
503 2673 776 2767 pluricellulari,
793 2694 955 2767 superne
970 2680 1135 2750 saturata
1154 2674 1293 2765 viridia,
1311 2675 1445 2750 subtus

251 2800 459 2896 pallidiora,
486 2801 526 2883 in
553 2801 788 2895 mesopbyllo
818 2802 1078 2877 dorsirenlrali
1105 2808 1221 2898 strato
1256 2802 1448 2878 uniseriali

254 2929 436 3002 ocellulis
469 2928 728 3021 palilonnibus
759 2929 941 3021 elongatis
970 2930 1168 3021 gracilibus
1182 2911 1343 3044 leellubs
1363 2951 1444 3023 gre·

252 3056 366 3149 gatirn
398 3056 600 3149 congestis
635 3056 793 3149 singulis
826 3057 1043 3149 crystallum
1077 3058 1262 3132 stellatam
1290 3065 1327 3133 et
1364 3057 1446 3132 aliis

250 3183 438 3257 fasciculis
457 3204 637 3257 vasorum
656 3184 836 3276 proximis
855 3185 1047 3278 pulverem
1067 3184 1321 3278 crystallinum
1341 3183 1444 3258 calcii

252 3312 383 3384 oxalici
401 3311 688 3386 includentibus.

359 3439 464 3513 Folia
482 3439 690 3532 colligenda
708 3443 798 3513 sunt
817 3461 837 3513 e
856 3440 987 3533 planta
1010 3439 1231 3514 florescente
1251 3447 1288 3515 11
1307 3440 1446 3513 siccata

251 3587 297 3640 ne
312 3563 412 3641 ultra
430 3589 573 3641 annum
593 3566 788 3641 servanda
816 3566 998 3641 Recentia
1011 3572 1101 3641 sunt
1114 3566 1242 3641 odoris
1255 3566 1444 3654 narcotici,

252 3694 390 3768 siccata
408 3696 485 3769 fere
499 3695 669 3783 inodora,
686 3694 833 3786 saporis
849 3694 1041 3769 subornari
1055 3695 1245 3783 nauseosi
1267 3694 1442 3769 subsalsi.

362 3823 438 3898 100
456 3826 582 3916 partes
602 3822 737 3896 merois
766 3843 813 3896 ne
844 3822 930 3915 plus
955 3841 1071 3915 quam
1089 3827 1216 3916 parles
1238 3821 1443 3896 accinens

252 3949 473 4043 relinquant

618 4218 767 4353 lolia
800 4218 1076 4354 laraxaci.

365 4459 588 4533 Toronaeum
615 4458 789 4553 officiante
816 4459 1024 4553 Wiggers,
1049 4458 1179 4552 planta
1196 4456 1443 4549 cosmopolita

251 4587 290 4660 in
309 4588 446 4679 vulgus
465 4590 565 4660 nola
