3725 5400
898 486 1140 558 -254-

423 704 621 778 solutionis
639 703 959 797 phenolphtale'tni
977 724 1026 777 ne
1046 702 1171 776 statim
1190 704 1367 776 urbescat
1394 709 1432 777 et
1460 702 1492 777 si
1514 701 1614 779 lente

422 831 600 922 rubescit,
621 836 727 924 gutta
745 830 841 905 acidi
858 829 1137 924 hydrochlorici
1155 828 1261 903 diluti
1279 831 1524 905 decoloretur.

533 958 711 1033 Gramma
737 957 853 1032 Natrii
870 958 1184 1051 hydrocarbonici
1211 957 1251 1031 in
1277 958 1369 1031 tubo
1398 958 1613 1052 probatorio

426 1085 657 1175 calefactum,
678 1085 908 1160 ammoniam
926 1107 976 1159 ne
995 1085 1154 1159 exhalet

533 1213 675 1287 Solutio
690 1234 837 1305 aquosa
856 1214 890 1305 (1
908 1244 957 1278 =
972 1214 1037 1302 50)
1053 1211 1161 1287 acido
1176 1211 1465 1305 hydrochlon'co
1485 1233 1615 1306 super·

425 1345 603 1432 saturata
641 1361 713 1415 nec
736 1362 836 1434 aqua
873 1340 1192 1434 hydrosulturata,
1233 1360 1305 1413 nec
1342 1340 1533 1413 ammonia
1579 1343 1616 1413 et

426 1468 615 1542 ammonio
653 1468 836 1542 sulfurato
865 1472 1042 1557 mutetur,
1078 1468 1196 1560 baryo
1233 1466 1367 1541 nitrico
1405 1488 1453 1542 ne
1491 1467 1617 1541 statim
1689 1520 1694 1532 .

425 1594 606 1682 turbetur,
619 1594 772 1669 minutis
784 1595 807 1667 i
819 1594 957 1688 elapsis
978 1594 1025 1667 ad
1045 1594 1449 1688 summumopalescat.
1461 1594 1614 1679 Eadem,

426 1722 534 1796 acido
562 1722 695 1796 nitrico
724 1721 920 1811 acidulata,
961 1722 1087 1796 addito
1121 1727 1276 1815 argento
1305 1721 1437 1796 uitrico
1466 1742 1514 1795 ne
1542 1720 1615 1794 nisi

424 1870 560 1942 parum
588 1850 789 1943 opalescat,
809 1848 936 1922 addito
956 1849 1056 1922 terro
1086 1848 1384 1941 sesquichlorato
1414 1849 1538 1920 soluto
1566 1868 1615 1920 ne

425 1978 612 2051 rubescat.

534 2103 800 2178 Grammatad
829 2102 944 2176 Natrii
961 2101 1284 2196 hydrocarbonici,
1313 2123 1384 2196 ope
1414 2101 1511 2176 acidi
1543 2103 1617 2176 sul·

425 2230 532 2304 turici
542 2230 771 2304 concontrati
780 2230 918 2321 siccati,
929 2230 1107 2322 ignitione
1126 2250 1175 2303 ne
1193 2230 1292 2302 ultra
1311 2235 1519 2321 grammata
1530 2229 1615 2304 b55

425 2357 566 2432 residui
596 2358 822 2450 relinquant;
862 2359 1154 2449 decigrammata
1183 2356 1206 2430 5
1236 2357 1349 2430 huius
1387 2356 1528 2431 residui
1568 2379 1617 2431 ne

426 2486 552 2559 minus
591 2506 706 2578 quam
743 2486 960 2559 centimetra
998 2485 1130 2559 cubica
1168 2486 1229 2559 aa
1262 2485 1461 2559 solutionis
1499 2485 1617 2558 alcali·

426 2612 602 2687 metricae
630 2613 809 2686 normalis
839 2612 887 2686 ad
920 2613 1124 2707 perfectam
1154 2612 1499 2686 neutralisationem
1527 2634 1615 2686 con·

427 2746 588 2813 sumant

643 2901 692 3032 N
693 2900 886 3034 atrium
922 2898 1400 3070 hydrooxydatum.

535 3120 662 3195 Bacilli
699 3125 835 3194 teretes
871 3142 1023 3195 massae
1062 3121 1297 3215 crystallinae
1340 3122 1446 3194 albae
1489 3121 1616 3208 durae,

427 3249 536 3322 valde
556 3249 752 3336 causticae,
775 3270 871 3340 quae
891 3249 930 3321 in
951 3257 1037 3322 ae're
1057 3248 1254 3338 humescit
1272 3248 1311 3320 in
1331 3269 1431 3339 aqua
1448 3248 1618 3321 facillime

429 3374 594 3466 solvitur,
615 3375 841 3448 solutionem
859 3375 1053 3470 limpidam
1068 3374 1282 3448 decolorem
1296 3376 1500 3469 praebens;
1515 3375 1618 3447 ilam-

427 3522 531 3575 mam
551 3502 674 3575 colore
694 3501 791 3574 ssavo
812 3501 935 3575 inficit

537 3629 707 3703 Nauium
734 3629 1063 3723 hydrooxydatum
1091 3631 1131 3704 in
1159 3630 1291 3722 spiritu
1319 3629 1396 3703 vini
1424 3630 1540 3703 diluto
1574 3650 1619 3704 ex

428 3755 574 3849 integro
604 3757 786 3845 solvatur;
819 3756 859 3831 in
892 3757 1000 3831 acido
1035 3757 1213 3831 sulfurico
1244 3757 1360 3830 diluto
1391 3758 1556 3831 solutum
1584 3762 1622 3829 et

430 3883 673 3976 superfusum
702 3883 808 3957 acido
839 3884 1019 3958 sulfurico
1050 3889 1301 3973 concontrato‚
1333 3884 1393 3958 cui
1429 3884 1517 3959 feni
1545 3884 1619 3958 sul·

429 4009 538 4084 turici
573 4009 709 4084 solutio
739 4009 884 4084 adiecta
921 4015 988 4100 est,
1017 4033 1152 4084 zonam
1188 4010 1449 4084 intermediam
1486 4010 1620 4085 coloris

429 4137 526 4211 tusci
544 4158 593 4210 ne
613 4135 759 4210 efficiat.
781 4136 923 4210 Solutio
944 4159 1101 4229 aquosa,
1115 4138 1154 4211 in
1173 4137 1322 4211 acidum
1336 4136 1510 4211 nitricum
1530 4137 1621 4212 dilu-

430 4268 511 4340 tum
528 4262 665 4352 intusa,
685 4283 734 4336 ne
755 4262 975 4337 effervescat
994 4268 1031 4338 et
1049 4263 1177 4337 addita
1204 4261 1391 4337 solutione
1420 4262 1498 4337 sive
1517 4265 1623 4359 baryi

430 4389 551 4468 uitrici
569 4387 647 4464 sive
667 4388 812 4481 argenti
829 4389 949 4463 uitrici
966 4390 1027 4463 vix
1045 4390 1223 4464 turbetur.

538 4515 708 4592 Natrium
735 4516 1074 4609 hydrooxydatum,
1106 4538 1177 4610 ope
1215 4516 1312 4590 acidi
1347 4517 1624 4610 hydrochlorici

432 4644 774 4737 superabundantis
793 4645 962 4718 solutum
981 4649 1018 4718 et
1036 4644 1085 4717 ad
1103 4643 1308 4736 perfectam
1322 4644 1526 4721 siccitatem
1541 4668 1625 4721 eva·
