3725 5400
733 461 944 534 ..33-

349 678 392 754 In
412 701 511 774 aqna
537 679 670 773 frigida
688 678 897 769 difficulter,
916 677 956 751 in
975 699 1075 771 aqua
1094 678 1295 753 ebulliente
1319 678 1437 768 facile,

239 807 279 881 in
297 806 430 901 spiritu
447 806 523 880 vini
543 806 729 885 difficilius
749 805 917 880 solvitur.
938 804 1083 879 Solutio
1103 826 1250 899 aquosa
1265 809 1323 880 est
1335 826 1436 880 reac-

239 933 353 1008 tionis
372 935 554 1008 neutrius.

347 1060 392 1135 In
409 1061 598 1136 solutione
618 1059 775 1136 Codeini
789 1058 1065 1155 hydrochlorici
1079 1080 1227 1151 aquosa
1240 1065 1437 1153 argentum

239 1187 412 1263 uitricum
459 1189 626 1263 solutum
672 1186 925 1262 sedimentnm
971 1186 1099 1260 album
1146 1208 1359 1278 caseosum,
1397 1187 1437 1261 in

240 1316 431 1390 ammonia
449 1316 557 1391 facile
577 1314 735 1390 solubile
755 1314 876 1389 elficit

349 1443 624 1537 Centigramma
666 1443 822 1517 Codei'ni
868 1442 1142 1535 hydrochlorici
1191 1463 1279 1515 curn
1325 1441 1437 1515 centi-

239 1573 368 1646 metris
397 1571 539 1646 cubicis
563 1572 611 1644 10
631 1569 731 1644 acidi
758 1569 926 1644 srdfinici
956 1568 1186 1643 concontrati
1214 1568 1437 1642 calefactum

239 1698 468 1773 solutionem
496 1699 721 1789 decolorem,
741 1719 829 1772 cnm
849 1697 957 1771 acido
978 1696 1160 1771 sulfurico
1181 1699 1436 1785 concentrato,

238 1827 342 1920 quod
374 1827 414 1901 in
447 1826 675 1902 centimetn's
709 1826 851 1900 cubicis
890 1827 966 1900 100
1001 1830 1145 1919 guttam
1177 1824 1266 1898 ferri
1291 1823 1437 1916 sesqui-

239 1953 397 2029 chlorati
424 1955 537 2029 soluti
565 1954 739 2042 continet
769 1952 999 2027 solutionem
1016 1952 1224 2027 violaceam
1251 1950 1435 2044 producit

349 2081 492 2155 Solutio
530 2060 676 2174 aquosa
705 2080 859 2154 Codetni
886 2079 1160 2174 hydrochlorici
1205 2099 1291 2152 cnm
1329 2077 1437 2151 acido

236 2207 368 2282 nitrico
388 2208 584 2297 acidulata,
608 2208 735 2282 addita
759 2208 948 2282 solutione
971 2206 1077 2301 baryi
1099 2205 1222 2280 nitrici
1239 2227 1287 2279 ne
1312 2205 1438 2278 statim

235 2336 416 2411 turbetur.

348 2463 616 2538 centimetrum
655 2463 831 2538 cubicum
868 2461 1067 2536 solutionis
1111 2461 1266 2535 Codetni
1298 2461 1435 2555 hydro·

240 2591 393 2666 chlorici
407 2611 575 2684 aquosae
586 2595 776 2666 saturatae
791 2612 839 2664 ne
854 2590 980 2663 statim
993 2589 1119 2662 trahat
1133 2590 1298 2667 colorem
1308 2609 1435 2664 caeru·

241 2721 343 2794 lenm
362 2720 491 2794 addita
508 2719 670 2793 mixtura
689 2740 709 2793 1
733 2719 891 2812 granulo
910 2717 998 2792 kalii
1012 2717 1248 2811 ferricyanati
1266 2718 1305 2791 in
1326 2716 1438 2791 centi-

241 2847 369 2921 metn's
386 2846 528 2921 cubicis
548 2847 595 2919 10
607 2868 728 2940 aquae
745 2851 782 2919 et
796 2849 901 2939 gutta
910 2845 998 2919 ferri
1013 2844 1304 2940 sesquichiorati
1319 2844 1441 2918 soluti.

598 3054 1087 3201 Ooffei‘mum.

353 3227 523 3321 Crystalli
539 3228 745 3302 aciculares
760 3229 908 3319 longae,
925 3203 1116 3317 flexibiles
1142 3226 1273 3301 nitoris
1294 3227 1438 3318 sericei,

242 3355 449 3445 decolores
461 3355 662 3429 calefactae
678 3355 894 3447 liquescunt
908 3359 945 3427 et
959 3354 1041 3427 sine
1055 3353 1207 3428 residuo
1219 3358 1440 3449 evaporant3

242 3482 350 3557 facile
379 3482 579 3556 solurmtur
605 3483 646 3556 in
675 3504 775 3575 aqua
807 3481 961 3571 fervida
996 3481 1194 3556 difficulter
1225 3483 1265 3555 in
1296 3482 1441 3574 frigida,

243 3608 389 3682 facilius
403 3608 443 3681 in
458 3608 735 3699 chloroformio,
746 3608 873 3681 minus
887 3608 995 3681 facile
1009 3607 1048 3681 in
1063 3608 1196 3702 spiritu
1209 3609 1296 3698 vini,
1307 3630 1441 3703 parum

243 3736 283 3808 in
316 3735 476 3808 aethere.
507 3734 652 3809 Solutio
672 3756 829 3828 aquosa,
858 3734 1058 3808 reactionis
1086 3735 1267 3826 neutrius
1297 3739 1355 3810 est
1382 3757 1441 3809 sa-

243 3862 346 3957 poris
367 3862 570 3936 subornari.

354 3989 575 4080 Coiietnurn,
603 3988 644 4063 in
681 4011 781 4083 aqua
814 3989 932 4062 chlori
960 3989 1138 4080 solutum,
1182 3989 1370 4063 solutione
1402 3990 1442 4063 in

245 4116 383 4190 balneo
434 4137 555 4209 aquae
604 4116 791 4190 exsiccata
836 4115 1031 4189 residuum
1079 4136 1099 4189 1
1145 4115 1257 4189 rutilo
1304 4117 1443 4190 flavum

247 4241 405 4333 exhibet,
458 4244 560 4335 quod
605 4243 811 4337 vaporibus
860 4244 1071 4316 ammoniae
1119 4243 1332 4335 expositum
1379 4249 1445 4318 aut

247 4371 438 4444 ammonia
469 4372 728 4445 humectatum
765 4371 805 4444 in
839 4372 1004 4444 colorem
1036 4392 1269 4465 purpureum
1301 4371 1445 4445 transit

355 4497 474 4571 Acido
494 4498 673 4571 sulfun'co
694 4503 934 4571 concontrato
954 4499 1211 4571 humectatum
1233 4497 1442 4572 Coffeinum

247 4646 295 4699 ne
316 4627 510 4699 coloretur.

1191 4763 1224 4816 6*
