3725 5400
933 478 1141 551 -68-

440 718 541 791 aqua
555 698 772 771 humectato
792 696 1042 789 agglutinatis,
1061 697 1203 789 paratis
1220 718 1240 769 e
1255 695 1376 770 farina
1390 696 1636 771 subtilissima

440 829 505 898 aut
519 845 565 898 ex
580 824 704 916 amylo
719 823 839 914 tritici,
856 824 952 897 albis
967 824 1026 898 vel
1039 823 1252 898 substantia
1266 821 1430 898 innocua
1446 824 1634 898 coloratis.

548 950 630 1025 Sint
666 952 843 1045 capsulae
880 950 1010 1026 odoris
1048 958 1085 1026 et
1121 952 1269 1046 saporis
1306 950 1418 1024 alieni
1451 956 1635 1046 experior,

440 1079 617 1171 capsulae
636 1078 867 1171 gelatinosae
885 1075 1097 1173 pellucidae
1114 1083 1297 1153 recentes,

694 1400 862 1536 carto
891 1401 1048 1574 ligni
1076 1398 1386 1573 depuratus,

438 1623 512 1717 Rp:
546 1625 705 1697 carioris
723 1626 822 1714 ligni
840 1627 915 1697 Piri
933 1627 971 1697 ln
989 1626 1111 1697 trustis
1235 1646 1266 1719 q.
1285 1645 1316 1695 o.

509 1749 769 1825 Excandescat
820 1751 859 1824 in
912 1772 1002 1823 vase
1056 1750 1177 1824 ferreo
1229 1750 1324 1824 bene
1379 1755 1488 1841 tecto,
1552 1757 1634 1825 tum

437 1879 696 1971 refrigeratum
733 1902 756 1953 a
793 1878 980 1952 cineribus
1017 1878 1242 1973 depuratum
1288 1881 1326 1950 et
1366 1877 1406 1951 in
1441 1878 1633 1973 pulverem

437 2006 567 2080 tritum
585 2006 625 2079 in
642 2027 734 2080 vase
753 2006 849 2080 bene
869 2005 998 2079 clauso
1017 2026 1169 2099 repone.

467 2230 472 2244 ,
548 2133 670 2207 Carbo
703 2132 811 2226 Ligni
842 2135 1059 2226 pulveratus
1088 2133 1136 2205 sit
1169 2131 1305 2205 coloris
1337 2131 1450 2224 nigra
1478 2131 1634 2224 spiritus

439 2260 621 2334 virricum
646 2282 692 2335 eo
721 2264 1002 2353 conquassatus
1031 2263 1069 2332 et
1096 2258 1255 2331 filtratus
1279 2257 1520 2352 evaporando
1544 2259 1632 2331 resi·

442 2388 561 2460 duum
579 2409 628 2461 ne
646 2387 842 2481 relinquat

466 2597 473 2617 ι
546 2514 589 2588 ln
624 2515 764 2589 lamina
808 2514 973 2608 platinea
1019 2513 1242 2587 fervefactus
1287 2512 1416 2586 relicta
1467 2533 1516 2587 ne
1560 2512 1633 2587 nisi

440 2642 574 2735 exigua
595 2642 802 2737 quantitate
822 2640 959 2716 cineris
980 2640 1060 2716 sine
1080 2640 1232 2715 flamma
1250 2640 1458 2714 comburat.

885 2965 1197 3099 Carvonum.

546 3187 601 3261 Ex
621 3189 705 3260 oleo
725 3188 901 3262 aethereo
923 3186 1054 3260 Carvi
1073 3190 1260 3279 paratum.

544 3315 685 3408 Liquor
721 3315 898 3408 limpidus
936 3314 1088 3387 decolor
1125 3318 1190 3387 aut
1235 3314 1456 3402 flavescens
1504 3312 1633 3385 odoris

438 3445 581 3516 fructus
638 3441 746 3515 Carvi
800 3441 1009 3535 peculiaria,
1067 3441 1213 3535 saporis
1274 3439 1465 3513 aromatici
1525 3440 1631 3526 acris,

437 3568 614 3663 ponderis
643 3569 806 3662 specifici
835 3569 1135 3658 otoo-onon
1163 3566 1401 3660 inpartibus
1432 3566 1633 3659 lspiritus

435 3697 510 3769 vini
530 3695 635 3769 diluti
654 3695 842 3784 solubilis;
862 3716 996 3769 versus
1018 3695 1284 3769 2290-2300
1308 3693 1445 3768 ebullit

871 4017 1196 4156 castorum.

551 4258 676 4332 Castor
721 4258 954 4329 Americoous
1002 4256 1170 4346 Cuvier,
1233 4255 1373 4330 animal
1418 4254 1632 4328 American]

436 4387 624 4460 borealem
644 4385 832 4459 habitans.

543 4512 710 4586 Folliculi
737 4512 833 4585 inter
860 4531 977 4583 anum
1010 4517 1047 4585 et
1079 4511 1254 4601 genitalia
1285 4510 1483 4603 utriusque
1516 4529 1632 4582 sexus

434 4639 556 4732 positi,
576 4637 751 4712 exsiccati
770 4635 920 4728 oblongi
939 4637 998 4708 vel
1013 4636 1427 4730 oblongo-pyritormes
1449 4658 1495 4710 ex
1513 4637 1631 4710 latere
