3725 5400
724 487 964 559 -u81—

268 764 271 771 .
353 704 564 799 Phenylum
582 705 813 797 salicylicum
832 704 881 778 sit
897 705 1097 780 reactionis
1121 706 1291 781 neutrius
1315 728 1439 800 neque

246 831 373 905 odoris
391 831 501 906 valde
521 832 724 906 aromatici.
746 833 842 906 Cum
859 832 1029 926 partibus
1051 834 1102 907 50
1118 854 1238 926 aquae
1254 854 1440 926 conquas-

246 963 372 1032 satum
384 959 563 1033 filtratum
572 959 766 1053 praebeat,
779 958 882 1052 quod
892 959 1019 1033 addito
1029 960 1129 1034 ferro
1140 959 1439 1062 sesquichlorato

247 1087 371 1159 soluto
390 1107 438 1160 ne
458 1087 623 1160 colorem
641 1086 850 1161 violaceum
868 1086 1002 1160 induat
1019 1107 1143 1179 neque
1167 1086 1285 1178 herpo
1308 1086 1439 1160 uitrico

245 1212 305 1286 vel
324 1217 479 1304 argento
498 1212 629 1287 uitrico
648 1212 830 1286 turbetur.

352 1338 651 1430 Decigrammata
679 1338 878 1432 lPhenyli
904 1338 1079 1431 selicylici
1102 1338 1218 1430 ignita
1239 1339 1433 1413 residuum

245 1465 487 1561 ponderabile
506 1487 554 1540 ne
573 1466 797 1559 relinquant.

562 1828 1131 1963 Phosphorus.

351 2028 479 2101 Bacilli
494 2029 682 2122 cyhndrici
694 2028 889 2103 decolores
905 2034 970 2103 aut
979 2030 1238 2119 flavescentes,
1251 2028 1438 2123 (liapheri,

245 2176 353 2228 cerae
371 2155 490 2228 instar
508 2156 681 2244 nitentes,
715 2156 787 2229 sub
817 2178 917 2249 aqua
937 2158 1060 2230 calore
1079 2157 1156 2229 440
1177 2156 1439 2249 liquescentes

244 2281 342 2355 Aere
361 2282 507 2355 fumum
527 2282 666 2373 album,
686 2282 725 2355 in
744 2284 828 2356 loco
859 2283 1022 2357 obscuro
1051 2284 1239 2357 lucentem
1268 2282 1442 2355 emittunt

246 2413 283 2482 et
300 2409 458 2483 odorem
486 2410 712 2503 peculiarem
741 2410 937 2483 alliaceum
966 2415 1158 2504 spargunt.
1191 2409 1439 2503 Phosphorus

244 2540 302 2609 est
322 2537 429 2610 facile
449 2536 737 2627 inflammabilis;
757 2537 936 2611 incensus
964 2539 1116 2610 flamma
1138 2538 1286 2610 intense
1314 2536 1440 2610 lucida

246 2662 437 2756 deflagrat,
476 2664 623 2738 sumum
661 2664 822 2739 densum
865 2664 993 2738 album
1031 2666 1222 2753 evolvens3
1270 2668 1438 2758 tempore

244 2791 418 2864 rubescit

351 2916 599 3012 Phosphorus
634 2919 673 2991 in
703 2940 803 3011 aqua
839 2919 1049 2992 insolubilis
1080 2918 1188 2992 facile
1221 2917 1377 2991 solvitur
1400 2917 1440 2991 in

245 3044 432 3118 cerboneo
470 3046 665 3135 sulfurato,
710 3046 895 3120 difficilius
937 3047 977 3119 in
1019 3046 1110 3120 oleis
1156 3044 1358 3140 pinguibus
1402 3048 1438 3117 et

245 3171 285 3243 in
310 3171 401 3245 oleis
421 3173 621 3262 aethereis;
637 3195 785 3268 ,parum
815 3173 984 3247 solubilis
1012 3172 1052 3246 in
1081 3172 1213 3267 spiritu
1231 3172 1308 3245 vini
1336 3176 1372 3245 et
1399 3171 1439 3243 in

247 3298 409 3374 aethere.
1489 3399 1492 3406 Α

353 3427 529 3501 Servetur
548 3426 774 3516 cautissime,
801 3447 901 3518 aqua
919 3426 1155 3521 superfusus
1174 3425 1214 3498 in
1231 3426 1338 3514 vitro,
1359 3425 1440 3498 vasi

245 3552 383 3625 eferro
403 3554 580 3626 laminato
613 3552 782 3626 immisso
817 3557 854 3626 et
886 3552 1116 3626 circumdato
1150 3573 1267 3625 arena
1292 3552 1332 3623 in
1354 3552 1438 3624 loco

244 3683 324 3752 tuto
345 3679 392 3752 ab
411 3681 497 3773 igne
518 3685 554 3754 et
574 3681 670 3772 gelu.

292 4001 1058 4140 thomummum
1101 4001 1404 4138 caldon-

707 4165 984 4277 licum.

597 4337 808 4416 Eserinum
831 4336 1091 4439 salioylioum.

352 4514 563 4607 Crystalluli
582 4514 778 4588 decolores
803 4515 862 4587 vel
882 4514 1204 4588 subflavescentes
1223 4514 1373 4603 nitidae,
1400 4514 1439 4587 in

246 4662 345 4734 equa
363 4641 523 4731 difficile,
552 4641 696 4714 facilius
730 4641 770 4714 in
798 4640 930 4734 spiritu
962 4641 1039 4714 vini
1071 4641 1266 4718 solubiles:
1302 4641 1438 4715 solutio
