3725 5400
910 439 1121 511 ..60-

525 656 863 750 Decigrammatab
893 656 1078 729 Bismuthi
1106 657 1355 751 subsalicylici
1384 679 1471 733 cum
1499 659 1615 734 centi-

417 783 545 859 metris
565 784 704 857 cubicis
726 782 748 855 5
779 805 900 876 aquae
920 789 1175 877 conquassata
1203 785 1381 858 filtratum
1399 786 1615 878 praebeant,

418 912 522 1005 quod
572 911 741 984 chartam
793 911 1079 1005 exploratoriam
1131 913 1343 986 caeruleam
1394 934 1442 986 ne
1489 914 1615 987 statim

417 1037 633 1113 nubelaciat

530 1164 675 1255 Quodsi
707 1185 876 1257 gramma
912 1164 1097 1238 Bismuthi
1135 1165 1383 1258 subsalicylici
1429 1166 1615 1259 igniveris

418 1294 613 1369 residuum
654 1292 694 1366 in
731 1292 839 1367 acido
866 1292 998 1367 nitrico
1036 1293 1196 1367 solveris
1225 1296 1262 1366 et
1293 1294 1480 1368 solutione
1508 1298 1616 1368 caute

419 1422 469 1495 ad
511 1419 714 1493 siccitatem
757 1425 960 1513 evaporata
1000 1420 1195 1494 residuum
1222 1421 1357 1495 iterum
1389 1420 1614 1511 calefeceris,

420 1570 469 1623 ne
487 1548 612 1621 minus
642 1568 757 1641 qnam
775 1547 1083 1640 centigrammata
1112 1549 1162 1621 03
1183 1548 1363 1623 bismuthi
1391 1547 1543 1641 oxydati
1560 1568 1617 1621 re·

420 1677 609 1749 maneant

532 1801 677 1877 Solutio
711 1801 889 1875 bismuthi
919 1802 1070 1894 oxydati
1095 1801 1168 1875 hoc
1185 1803 1300 1876 modo
1325 1802 1426 1876 enati
1447 1803 1487 1875 in
1511 1801 1617 1875 acido

421 1930 554 2003 uitrico
573 1950 660 2004 cum
680 1929 905 2003 centimetn's
926 1929 1066 2003 cubicis
1088 1929 1139 2003 bo
1160 1950 1281 2022 aquae
1297 1930 1413 2003 diluta
1426 1950 1496 2004 nac
1516 1930 1618 2003 solu·

422 2056 586 2131 tionibus
610 2057 717 2149 baryi
740 2056 870 2144 nitrici,
899 2077 969 2129 nec
994 2056 1138 2148 argenti
1156 2057 1276 2130 nitrici
1299 2077 1394 2130 neve
1423 2056 1618 2130 volumini·

423 2185 495 2259 bus
526 2185 548 2256 b
579 2183 675 2257 acidi
703 2183 871 2257 sulfurlci
900 2184 1005 2257 diluti
1038 2188 1218 2272 mutetur;
1257 2183 1402 2257 adiecta
1429 2182 1620 2257 ammoma

423 2311 756 2404 superabundante
784 2312 964 2385 filtratum
988 2312 1148 2402 decolor,
1180 2312 1453 2404 adiectaaqua
1481 2311 1618 2404 hydro·

424 2438 609 2513 sulfurato
635 2438 968 2532 superabundante
987 2439 1165 2513 filtratum
1192 2439 1381 2533 praebeat,
1406 2438 1510 2532 quod
1534 2458 1619 2512 ava·

424 2570 600 2658 poratum
617 2565 812 2640 residuum
830 2564 1075 2658 ponderabile
1095 2587 1143 2640 ne
1162 2566 1357 2658 relinquat

534 2692 713 2766 Gramma
749 2691 937 2768 Bismuthi
964 2693 1215 2787 subsalicylici
1260 2715 1347 2768 cum
1393 2691 1619 2768 centimetns

425 2820 564 2894 cubicis
586 2821 609 2894 3
629 2820 826 2894 solutionis
855 2821 982 2894 stanni
1005 2820 1158 2894 chlorati
1188 2822 1344 2895 mixtum
1362 2820 1459 2894 inter
1486 2821 1621 2895 horam

424 2948 589 3021 colorem
609 2946 864 3020 obscuriorem
884 2968 931 3019 ne
951 2946 1117 3039 accipiat

533 3074 872 3167 Decigrammatab
897 3074 1083 3148 Bismuthi
1116 3073 1366 3167 subsalioylici
1394 3094 1480 3147 cum
1509 3073 1620 3147 centi-
1659 3145 1661 3148 ,

424 3202 553 3275 metris
573 3202 711 3275 cubicis
733 3203 756 3275 5
776 3202 887 3275 nairii
905 3201 1180 3295 hydrooxydati
1207 3200 1320 3275 soluti
1350 3200 1504 3273 adiectis
1524 3199 1621 3273 daci·

425 3328 604 3420 grammis
634 3330 657 3402 5
683 3329 777 3403 zinci
805 3329 946 3422 raspati
970 3334 1008 3402 et
1034 3328 1122 3402 ferri
1146 3328 1328 3421 pulverati
1352 3326 1555 3401 fervefacta
1573 3346 1621 3399 ne

427 3456 656 3529 ammoniam
674 3456 852 3530 amittant

535 3581 711 3657 Servetur
729 3604 753 3656 a
770 3584 853 3657 luce
872 3588 1071 3660 remotum.

861 3871 1026 4007 Bolus
1046 3869 1184 4005 alba.

535 4091 664 4164 Massa
682 4096 803 4167 terrea
822 4092 918 4182 alba,
938 4091 1187 4186 impcdanda,
1216 4091 1379 4182 friabilis,
1408 4091 1624 4166 humectata

427 4219 624 4310 subtenax,
643 4219 682 4292 in
701 4240 803 4313 aqua
821 4220 963 4293 sensim
982 4219 1022 4292 in
1040 4220 1234 4312 pulverem
1253 4218 1425 4293 dilabens
1444 4239 1515 4292 nec
1534 4237 1622 4292 vcro

298 4409 301 4412 ,
428 4345 607 4419 solubilis.

537 4473 656 4547 Acido
675 4473 961 4567 hydrochlon'co
982 4474 1184 4567 superfusa
1202 4495 1251 4547 ne
1280 4473 1509 4562 effervescat,
1529 4494 1624 4547 neve

429 4621 529 4692 aqua
548 4607 753 4694 expurgata
771 4623 925 4674 arenam
944 4601 1139 4694 relinquat
