3725 5400
715 474 959 548 -311-

564 688 740 823 Radix
784 689 1099 823 Ratanbiac.

346 945 537 1020 Kromoia
556 946 722 1020 triandro
747 947 857 1021 Ruiz
882 953 919 1020 et
941 947 1100 1037 Paron,
1125 947 1254 1042 planta
1274 945 1436 1020 suffruti·

242 1095 336 1148 cosa
353 1074 391 1148 in
411 1074 572 1148 Perusia
590 1095 778 1148 crescens.
1227 1063 1231 1070 ’

347 1201 510 1275 Radices
534 1202 704 1294 lignosae
723 1201 871 1294 longae,
897 1202 973 1275 imo
993 1200 1247 1295 longissimae,
1274 1222 1372 1294 quae
1392 1223 1438 1274 ex

241 1333 372 1402 tramco
389 1328 573 1403 crassiore
592 1329 742 1402 nodoso
767 1328 983 1422 multicipite
999 1328 1180 1422 oriuntur,
1200 1327 1435 1421 cyliudxicae‚

239 1455 442 1547 flexuosae,
476 1457 525 1529 ad
562 1457 623 1530 dai
657 1456 920 1530 centimetrum
958 1477 1112 1530 crassae
1159 1454 1297 1529 cortice
1330 1455 1437 1529 lacile

240 1584 441 1677 separabili
465 1588 572 1657 extus
597 1584 758 1657 obscure
786 1583 935 1657 eiusco
954 1583 1081 1671 rubro,
1107 1582 1322 1675 subglabro,
1349 1582 1437 1655 sub·

239 1731 383 1802 rugoso
397 1712 457 1784 vel
472 1709 691 1799 subrimato,
711 1709 929 1784 infractura
943 1708 1272 1797 breviterlibroso,
1290 1709 1437 1803 saporis

239 1834 349 1910 valde
369 1836 645 1929 adstringentis
665 1836 868 1910 subamari.

350 1962 393 2037 In
412 1963 579 2036 sectione
606 1968 824 2037 transversa
850 1964 995 2056 lignum
1023 1968 1262 2057 compactum
1305 1960 1437 2035 ochro·

239 2091 390 2164 leucum
408 2089 468 2162 vel
493 2089 820 2164 subrubicundum
848 2090 964 2164 radiis
998 2090 1268 2165 medullaribus
1298 2088 1438 2164 subtili·

239 2218 318 2290 bus·
343 2215 578 2291 densissimis
608 2221 644 2290 et
669 2216 818 2291 orificiis
837 2238 1018 2290 rasorum
1048 2216 1191 2308 exiguis
1221 2216 1437 2290 numerosis

242 2351 418 2419 omatum
451 2346 723 2418 circumdatum
752 2349 811 2418 est
843 2345 979 2419 cortice
1016 2344 1188 2438 sextuplo
1217 2345 1438 2419 tenuioree

240 2472 348 2546 tusco
386 2473 513 2562 rubro,
551 2471 616 2565 qui
643 2472 831 2547 solutione
858 2473 946 2546 ferri
974 2471 1263 2565 sesquicblorati
1286 2471 1439 2544 humec-

240 2602 341 2672 tatus
361 2599 527 2672 colorem
546 2620 567 2672 e
587 2599 694 2691 nigro
713 2600 868 2672 viridem
887 2600 1008 2673 trabit

352 2726 433 2821 Ope
457 2714 698 2821 microscopii
718 2728 973 2801 examinatum
993 2727 1275 2821 endophlocum
1299 2726 1438 2799 eminet

149 2892 164 2919 2
241 2854 463 2947 praesertim
481 2854 671 2928 fasciculis
689 2854 870 2928 fibrarum
893 2855 977 2928 libri
994 2854 1167 2928 radiatim
1191 2854 1382 2948 dispositis
1401 2858 1438 2928 et

240 2981 408 3056 utriculis
426 2982 562 3075 longis,
584 2983 779 3075 crystallos
809 2982 914 3057 calcii
938 2983 1071 3057 oxalici
1089 2982 1290 3075 simplices
1314 2982 1438 3056 forma

241 3113 279 3183 et
295 3109 554 3202 magnitudine
577 3110 687 3184 valde
717 3111 933 3184 differentes
962 3114 1000 3184 et
1025 3111 1159 3203 longas
1187 3109 1435 3205 prismaticas

241 3240 280 3310 et
296 3234 475 3326 minores
497 3241 561 3309 aut
578 3237 772 3331 pulverem
791 3237 1048 3330 crystallinum
1066 3236 1353 3310 includentibus

349 3362 477 3437 Prdvis
496 3362 649 3437 Radicis
668 3362 890 3455 Ratanhiae,
922 3363 1059 3438 coloris
1098 3363 1313 3437 rubrofusci
1341 3362 1438 3436 sistit

241 3491 461 3585 praesertim
497 3490 708 3583 fragmenta
744 3492 1011 3565 fasciculorum
1049 3491 1230 3565 fibrarum
1275 3490 1359 3564 libri
1402 3495 1438 3564 at

240 3617 331 3710 ligni
347 3617 453 3691 fibris
472 3618 741 3713 polymorphis,
770 3640 884 3712 saepe
914 3618 1076 3693 arcuatis
1102 3623 1171 3695 ,aut
1197 3616 1376 3692 flexuosis
1402 3623 1439 3690 et

239 3744 421 3839 imprimis
445 3745 696 3819 extremitates
716 3768 850 3820 versus
873 3746 1086 3838 tuberculis
1105 3745 1210 3840 plicis
1230 3750 1268 3820 et
1284 3766 1437 3839 proces-

241 3871 347 3944 sibus
375 3872 552 3946 brevibus
577 3873 818 3947 membranae
848 3874 940 3947 satis
968 3874 1201 3947 incrassatae
1230 3872 1436 3961 instructis

240 4020 319 4072 non
337 4020 423 4072 raro
444 3999 620 4073 comitata
637 3999 804 4073 utriculis
825 4000 1076 4093 crystalliferis
1101 4021 1217 4094 supra
1241 3998 1437 4092 descriptis

240 4146 310 4200 uec
347 4146 426 4199 nou
453 4126 665 4218 fragmenta
701 4128 940 4201 trachearum
978 4133 1015 4201 et
1051 4126 1286 4201 tracheidum
1321 4146 1437 4200 mem-

241 4253 362 4326 brana
409 4274 539 4326 crassa
575 4258 755 4346 punctata
797 4259 862 4327 aut
906 4255 1285 4347 areolato·puuctata;
1342 4253 1438 4345 frag·

240 4383 367 4453 menta
384 4379 687 4473 parencbymatis
708 4402 728 4454 e
748 4381 890 4454 cellulis
909 4381 1132 4454 membrana
1145 4400 1277 4472 grosse
1297 4400 1438 4472 porosa

240 4508 476 4580 luscescente
502 4510 566 4579 aut
589 4506 736 4598 tlarida,
763 4508 928 4601 amylum
953 4512 989 4581 et
1016 4529 1186 4581 massam
1215 4504 1464 4600 amorpham·

239 4632 551 4709 amentiam-rel
596 4633 892 4708 rubro-fuscam
939 4635 1175 4728 gerentibus3
1228 4635 1438 4725 fragmenta
