3725 5400
714 484 958 557 -329—

238 702 385 794 saporis
415 702 533 775 dulcis
564 706 601 775 et
627 701 826 795 iuniperini
844 722 914 775 nec
935 702 1250 795 empyreumatiei,
1276 702 1316 775 in
1335 724 1436 795 aqua

237 828 385 903 turbide
405 829 586 902 solubilis.

150 973 151 980 ’
348 955 494 1045 Quodsi
527 956 608 1029 eius
637 962 847 1048 grammata
867 957 889 1029 l
925 956 1204 1048 comburantur,
1243 957 1335 1031 cinis
1369 957 1434 1030 ob·

238 1087 365 1156 tentus
400 1104 486 1157 cum
506 1082 603 1157 acidi
620 1084 897 1176 hydrochlorici
920 1084 1025 1157 diluti
1049 1084 1274 1159 centimetris
1295 1085 1434 1158 cubicis

240 1213 262 1283 5
289 1211 490 1283 calefactus
510 1210 694 1302 liquorem
707 1210 897 1304 praebeat,
918 1210 982 1303 qui
995 1210 1155 1284 filtratus
1172 1210 1317 1285 adiecta
1336 1232 1436 1304 aqua

237 1337 543 1430 hydrosuliurata
560 1359 608 1411 ne
628 1343 803 1411 mutetur.

609 1659 757 1795 Roob
797 1659 1060 1795 sambuci.

236 1882 310 1975 Rp:
345 1886 525 1957 bucinum
545 1884 699 1955 sambuci
717 1886 924 1954 maturorum
942 1885 1131 1956 recentium
1162 1889 1287 1978 portes
1346 1885 1433 1958 100.

309 2008 499 2084 Contusos
528 2009 668 2083 calefac
696 2010 735 2081 in
762 2009 899 2083 balneo
938 2031 1058 2102 aquae
1096 2032 1164 2104 per
1196 2010 1331 2086 horam
1360 2014 1434 2105 agi-

234 2137 351 2210 tando
370 2136 507 2231 pistillo
524 2135 664 2227 lignem
692 2141 774 2210 tum
793 2137 969 2230 exprime,
990 2158 1148 2210 succum
1167 2159 1322 2231 sepone,
1353 2142 1436 2214 cola

236 2269 274 2337 et
303 2265 342 2336 in
375 2264 503 2358 patina
533 2265 771 2357 porcellanea
800 2285 871 2358 ope
900 2264 1025 2337 balnei
1053 2286 1174 2358 aquae
1199 2288 1362 2360 evapora
1386 2269 1434 2343 ad

235 2392 389 2467 extracti
421 2390 535 2485 spissi
568 2390 861 2464 consistentiam.
898 2391 977 2464 Sub
1010 2391 1125 2465 finem
1159 2396 1433 2487 evaporationis

237 2518 404 2592 admisce

343 2647 503 2720 Saccbari
519 2648 557 2718 in
575 2648 715 2737 pulvera
1160 2654 1285 2744 partes
1395 2650 1433 2727 5.

340 2773 451 2846 Roob
471 2772 648 2847 Sambuci
676 2772 725 2847 sit
752 2772 888 2845 coloris
918 2772 1126 2847 eviolaceo
1146 2773 1259 2865 rubri,
1287 2777 1349 2850 vix
1376 2777 1394 2850 f
1420 2818 1434 2832 -

235 2900 452 2988 scescentis,
486 2900 633 2993 saporis
663 2898 799 2973 aciduli
827 2903 864 2972 et
893 2898 1025 2988 dulcis,
1061 2901 1189 2976 odoris
1217 2904 1431 2996 peculiaris;

233 3028 401 3102 solvatur
419 3027 459 3100 in
478 3049 579 3119 aqua
596 3029 674 3100 fere
693 3025 855 3119 limpide.

340 3155 598 3229 Praesentiam
626 3154 862 3227 metallorum
891 3154 1083 3228 examines
1102 3161 1144 3229 ut
1161 3155 1201 3229 in
1219 3156 1314 3230 roob
1337 3158 1434 3232 luni·

233 3284 314 3378 peri
331 3281 617 3377 praescriptum.

636 3531 1030 3668 Sacclariuum.

341 3754 467 3827 Pulvis
483 3754 720 3846 crystallinus
741 3754 860 3844 albus,
882 3754 1009 3828 odoris
1026 3776 1170 3846 expers,
1189 3757 1336 3851 saporis
1353 3756 1433 3832 dul-

231 3880 384 3956 cissimi.
424 3880 587 3954 Solvitur
613 3881 653 3953 in
671 3880 841 3973 partibus
862 3881 1006 3955 circiter
1024 3882 1104 3954 400
1126 3904 1246 3975 aquae
1267 3884 1433 3976 frigidae,

231 4007 271 4081 in
291 4008 451 4081 iti-30
472 4028 593 4100 aquae
612 4007 790 4097 fervidae,
819 4008 859 4080 in
888 4008 939 4081 bb
960 4008 1113 4101 spiritus
1132 4009 1219 4098 vini,
1247 4010 1433 4086 difficilius

231 4134 270 4208 in
290 4134 453 4209 aethere.

341 4262 484 4335 Solutio
519 4261 736 4335 Saccbarini
774 4283 845 4356 ope
883 4262 969 4335 kab'i
1010 4262 1286 4357 hydrooxydati
1322 4265 1434 4339 soluti

233 4387 461 4463 abundantis
499 4394 630 4481 parata
677 4393 714 4462 et
750 4389 799 4463 ad
837 4389 979 4463 siccum
1027 4395 1230 4482 evaporata
1265 4412 1434 4464 massam

231 4515 396 4613 praebet,
418 4536 514 4609 quae
533 4537 601 4610 per
620 4516 804 4590 nonnulla
822 4516 968 4590 minuta
986 4516 1035 4589 ad
1056 4516 1200 4591 circiter
1215 4518 1318 4592 250⁰
1338 4519 1432 4593 cale·

231 4645 341 4734 iacta,
359 4647 448 4737 post
465 4643 785 4735 refrigerationem
803 4644 843 4716 in
863 4665 962 4736 aqua
981 4644 1106 4716 soluta
1121 4648 1158 4717 et
1172 4644 1280 4718 acido
1295 4645 1432 4737 hydro·
