3725 5400
894 405 1129 478 -200-

757 618 939 755 llerla
975 618 1262 754 Absiutlii.

522 855 719 931 Artanisia
733 856 962 932 Absintlrium
975 859 1025 949 L.,
1044 860 1174 953 planta
1191 859 1380 953 perennis
1395 860 1435 934 in
1455 862 1607 955 eampis

413 984 609 1073 ruderatis,
631 986 778 1059 adrias
798 991 835 1059 et
853 1008 966 1080 sepes
984 987 1128 1080 passim
1146 987 1336 1079 frequens.

523 1111 650 1185 Herba
673 1114 806 1187 florida
828 1113 978 1203 siccata,
1013 1114 1152 1188 sistens
1170 1114 1259 1188 folia
1292 1119 1329 1188 et
1362 1115 1608 1189 summitates

416 1236 521 1311 Folia
535 1239 654 1312 denso
670 1244 836 1314 tomento
854 1262 874 1313 e
888 1241 972 1334 pilis
988 1240 1464 1334 divaricata-bicuspidatis,
1478 1242 1606 1315 T-ior·

415 1363 540 1439 mihus
568 1366 788 1440 intermixtis
832 1367 1018 1460 glandulis
1060 1368 1227 1442 olei‘ieris
1265 1369 1505 1461 subglobosis
1544 1375 1609 1441 aut

416 1492 586 1568 ovalibus
605 1494 941 1587 pluricellularibus
960 1496 1158 1569 sessilibus
1181 1496 1489 1579 sericeo-incana,
1513 1496 1608 1568 radi·

415 1619 509 1693 calia
526 1621 638 1714 longe
658 1623 834 1715 petiolata
851 1622 1284 1717 triplicato-pinnatifida
1304 1622 1453 1696 caulina
1467 1623 1608 1696 sensim

415 1746 566 1821 brevius
603 1750 782 1842 pesona
820 1726 1078 1843 bipinnaufida
1113 1751 1172 1824 vu
1209 1749 1434 1843 pinnatifida
1464 1750 1608 1823 laciniis

415 1874 633 1949 lanceolatis
653 1882 718 1950 aut
737 1878 946 1971 spatulatis,
966 1878 1108 1951 floralia
1122 1876 1281 1951 indivisa
1298 1877 1509 1951 lanceolata
1527 1899 1607 1950 ses·

416 2000 507 2074 silio.
539 2004 731 2078 Anthedia
753 2027 871 2098 parva
893 2006 1128 2097 subglobosa
1145 2004 1406 2098 pedunculata,
1426 2006 1607 2091 nutantia,

416 2128 656 2205 solummodo
690 2132 845 2206 [loribus
868 2132 1054 2206 tubulosis
1078 2132 1185 2205 flavis
1210 2132 1250 2204 in
1274 2132 1441 2206 thalamo
1475 2134 1607 2205 villoso

417 2254 599 2348 disposita
616 2258 655 2332 in
673 2281 843 2334 racemos
863 2260 1046 2350 3111113103,
1069 2260 1283 2353 paniculam
1301 2258 1514 2351 elongatam
1538 2264 1608 2333 ter-

416 2382 593 2457 minalem
611 2386 827 2460 formantes

524 2510 591 2585 Est
603 2512 730 2586 Herba
744 2513 870 2586 odoris
881 2513 1004 2605 gravis
1016 2512 1218 2602 aromatici,
1230 2513 1377 2606 saporis
1389 2511 1609 2586 aromatico·

417 2641 611 2730 peramari.

529 2769 604 2842 100
624 2770 705 2842 0103
729 2773 854 2863 partes
878 2769 1030 2841 minime
1054 2772 1180 2861 partes
1206 2768 1257 2840 ao
1292 2767 1446 2841 extracti
1474 2768 1608 2859 aquosi

417 2894 629 2970 exhibeant.
658 2897 799 2970 Eadem
824 2896 1014 2989 quantitas
1052 2895 1186 2968 mercis
1221 2895 1420 2968 combusta
1442 2915 1490 2967 ne
1524 2894 1609 2986 plus

417 3043 533 3115 quarn
552 3031 678 3119 partes
703 3027 750 3098 10
771 3024 904 3098 cineris
925 3023 1122 3114 relinquat

634 3350 937 3457 Herba
973 3342 1394 3456 Adonidis.

526 3548 664 3621 Adonis
691 3547 846 3621 vernalis
873 3548 925 3640 L.,
960 3549 1090 3641 planta
1117 3548 1293 3641 perennis
1322 3548 1359 3619 in
1391 3543 1551 3618 collibus
1578 3550 1615 3616 et

418 3677 570 3768 pascuis
594 3677 728 3770 apricis
753 3675 941 3765 calcareis
964 3675 1064 3769 apud
1083 3697 1155 3748 nos
1176 3675 1320 3769 passim
1338 3673 1528 3765 frequens

526 3802 653 3876 Herba
680 3803 814 3877 florida
838 3803 979 3877 siccata
1012 3804 1172 3877 occurrit
1196 3804 1420 3896 plerumque
1445 3799 1615 3890 colligata

418 3930 458 4003 in
477 3930 645 4004 sarcinis,

528 4057 654 4131 Caulis
675 4063 822 4132 erectus
843 4059 1001 4152 simplex
1024 4060 1083 4131 vel
1107 4079 1282 4130 ramosus
1306 4057 1423 4131 dense
1448 4056 1617 4140 10110303,

419 4185 502 4259 basi
536 4188 705 4278 squamis
742 4186 860 4280 nigris
895 4187 1112 4260 lanceolatis
1146 4185 1408 4279 vaginantihus
1444 4181 1615 4268 vestitus,

418 4319 529 4401 teres
555 4314 784 4408 subpilosus,
818 4337 941 4406 usque
976 4316 1024 4387 ad
1060 4313 1306 4387 3decimetra
1336 4312 1493 4402 longus3
1527 4306 1618 4382 10113

419 4463 553 4536 sparsa
571 4442 728 4532 sessilis,
749 4442 832 4515 basi
852 4442 1134 4535 amplexicaulia
1157 4438 1381 4533 vaginantia‚
1402 4436 1617 4527 subglabra

419 4570 595 4643 interiora
627 4571 1028 4663 palmeum-multifida,
1070 4570 1266 4662 superiora
1298 4561 1620 4659 pinnatim-multi·
