3725 5400
906 517 1149 590 -324-

539 732 709 807 Occurrit
722 734 761 806 in
775 734 912 807 massis
928 736 1104 810 mollihus
1118 738 1270 811 fracidis
1286 738 1483 831 glutinosis
1496 739 1626 833 impel-

429 860 563 933 lucidis
583 862 1025 953 crystallino-granulosis
1046 864 1178 937 albidis
1201 866 1262 938 vel
1280 865 1625 952 subviridicitrinis

429 987 1630 1085 odorisfragrantisfoeniculaceisaporishalsamiciamariuscnli

538 1115 593 1189 Sit
611 1117 649 1189 in
666 1116 931 1190 chloroiormio
950 1121 1204 1212 temperatura
1223 1119 1422 1207 ordinaria,
1434 1119 1475 1192 in
1493 1118 1625 1213 spiritu

428 1243 516 1333 vini,
537 1244 700 1334 aethere,
721 1244 880 1318 benzolo
900 1266 972 1339 ope
993 1245 1127 1318 caloris
1146 1247 1257 1340 plane
1277 1246 1459 1320 solubilis.

421 1469 424 1474 y
539 1370 633 1445 Cum
662 1371 794 1465 spiritu
821 1371 897 1445 vini
923 1377 1178 1466 temperatura
1205 1373 1395 1447 ordinaria
1425 1378 1626 1448 tractatum

428 1498 546 1572 hiemi
572 1499 720 1572 resinae
749 1498 954 1592 amorphae
984 1502 1128 1574 circiter
1140 1507 1267 1594 partes
1283 1502 1334 1573 62
1360 1506 1397 1574 et
1411 1500 1567 1595 amyrini
1585 1500 1626 1574 in

430 1625 613 1719 crystallis
631 1632 758 1719 partes
780 1626 831 1698 20
851 1648 872 1699 e
890 1626 1060 1720 partibus
1084 1627 1160 1700 100
1178 1628 1368 1721 praebeat

540 1753 747 1872 Cpmhusta
778 1753 920 1827 Resina
958 1753 1080 1828 Elemi
1117 1776 1165 1827 ne
1194 1755 1268 1828 nisi
1299 1756 1457 1848 vestigia
1490 1755 1625 1830 cineris

427 1881 624 1974 relinquat.

791 2171 992 2304 Resina
1021 2171 1255 2306 (luciaci.

544 2392 742 2465 Guoiocum
762 2391 948 2485 officiante,
968 2392 1069 2465 vide:
1089 2391 1244 2489 Liparum
1267 2392 1428 2466 Guoioci.

539 2522 683 2594 Succus
698 2520 905 2608 resinosuS,
923 2541 969 2592 ex
980 2519 1112 2593 arbore
1124 2525 1257 2612 sponte
1268 2521 1327 2593 vel
1342 2523 1627 2596 arterulnerata

430 2669 590 2723 manans
609 2656 696 2722 atre
720 2647 917 2722 induratus
943 2652 1008 2720 aut
1022 2646 1270 2740 decoquendo
1285 2647 1344 2721 vel
1359 2646 1625 2742 eliquescendo

429 2776 634 2850 ducaminis
668 2776 855 2862 obtentus,
888 2775 1048 2847 occunit
1081 2774 1194 2848 modo
1228 2775 1268 2848 in
1296 2776 1421 2867 granis
1455 2777 1622 2868 globosis

428 2905 745 2997 subglobosisque
765 2903 888 2975 variae
909 2902 1186 2992 magnitudinis
1210 2903 1325 2976 modo
1344 2904 1383 2976 in
1402 2905 1539 2978 massis
1560 2905 1623 2977 de·

428 3033 611 3106 sormibus
632 3029 934 3123 nigro-viridibus
956 3029 1206 3120 suhbadiisve,
1236 3035 1344 3103 extus
1364 3032 1515 3124 pulvere
1536 3031 1624 3104 suh

428 3161 534 3233 viridi
554 3160 780 3253 conspersis
801 3159 916 3246 duris,
928 3158 1121 3249 fragilibus
1131 3158 1295 3231 fractura
1304 3159 1421 3233 vitreo
1436 3159 1567 3247 nitore,
1584 3158 1625 3231 in

427 3288 616 3381 particulis
632 3286 891 3359 minutissimis
911 3285 1120 3378 pellucidis;
1141 3285 1180 3357 in
1194 3285 1330 3358 balneo
1347 3308 1467 3379 aquae
1486 3285 1624 3380 liques·

428 3437 528 3488 cens.
561 3414 713 3507 Saporis
734 3419 792 3486 est
810 3413 981 3486 subacris
1006 3413 1256 3501 amaricantis,
1278 3412 1406 3487 odoris
1425 3414 1623 3507 peculiaris

429 3542 573 3629 debilis,
595 3540 667 3614 sub
689 3542 811 3613 calore
832 3540 952 3630 magis
973 3539 1198 3631 emergentis
1218 3540 1471 3615 subbenzo'ici.

535 3669 679 3743 Resina
691 3669 730 3741 in
745 3668 938 3761 pulverem
952 3666 1104 3739 redacta
1120 3667 1284 3756 albescit,
1299 3668 1518 3741 substantiis
1535 3690 1622 3761 oxy·

429 3797 604 3870 dantibus
619 3795 806 3868 viridescit
821 3799 885 3866 aut
900 3794 1128 3866 caerulescit
1148 3794 1309 3867 Solvitur
1326 3795 1365 3866 in
1385 3794 1516 3888 spiritu
1534 3796 1621 3884 vini,

428 3927 590 4013 aethere,
608 3922 884 4009 chlorosormi0‚
901 3921 996 3993 lralio
1009 3927 1044 3993 et
1058 3921 1475 4014 natriohydrooxydato
1491 3924 1624 3996 soluto.

536 4051 678 4125 Solutio
708 4049 910 4143 spirituosa
939 4048 1065 4120 addita
1089 4054 1193 4140 gutta
1220 4048 1309 4121 ferri
1336 4049 1624 4141 sesquichlorati

429 4180 541 4254 soluti
580 4181 744 4252 colorem
777 4178 931 4270 pulchre
967 4178 1181 4249 caeruleum
1215 4176 1359 4270 accipit3
1399 4199 1487 4250 mox
1521 4179 1624 4250 color

426 4309 615 4381 olivaceus
636 4305 766 4379 evadit

539 4434 682 4507 Solutio
721 4432 923 4525 spirituosa
942 4430 977 4530 (1
994 4467 1038 4493 :-
1051 4433 1116 4522 lh)
1150 4454 1198 4504 ne
1224 4433 1389 4505 colorem
1409 4433 1624 4505 caeruleum

429 4563 552 4634 trahat
571 4559 823 4634 calefaciendo
839 4582 925 4633 cum
942 4559 1089 4656 aequali
1104 4560 1292 4632 volumine
1308 4559 1379 4631 olei
1394 4559 1624 4632 Terebinthl·
1652 4538 1656 4546 ⁶

427 4711 497 4761 nae
519 4688 633 4761 crudi.
