3725 5400
701 573 753 581 —
783 530 861 603 241-
890 572 942 582 -

335 748 476 822 Salutio
506 768 652 842 aquosa
677 750 720 840 (1·
738 777 794 811 2
811 747 888 839 10),
915 754 986 842 cpe
1006 749 1103 821 acidi
1126 748 1254 822 acetici
1273 750 1417 835 effecta,

224 897 294 948 uec
313 897 414 972 aqua
431 876 747 968 hydrosullurat‘a,
766 896 836 948 nec
852 875 1046 949 ammonio
1066 877 1249 949 sulfurato
1282 876 1417 950 additis

226 1002 416 1076 ammonio
454 1002 630 1075 chlorato·
661 1006 699 1075 et
733 1002 923 1075 ammonia
958 1008 1136 1092 mutatum
1177 1003 1310 1076 eadem
1347 1024 1418 1077 nec

226 1129 342 1223 baryo
374 1129 518 1219 mihim,
548 1151 617 1203 uec
647 1129 753 1202 acido
782 1129 914 1203 uitrico
945 1130 1071 1204 addito
1103 1136 1256 1222 argento
1286 1132 1417 1205 uitrico

228 1257 424 1331 confestim
460 1257 642 1347 turbetur,
672 1257 742 1330 sed
785 1257 832 1329 ad
872 1266 1064 1330 summum
1111 1259 1302 1346 lactescat3
1342 1280 1418 1331 am·

225 1384 352 1457 monio
372 1384 514 1458 malim
534 1390 733 1477 praesente
754 1385 945 1457 ammonio
977 1385 1144 1458 chloratc
1173 1385 1425 1479 perexiguum*

225 1512 376 1586 nonnisi
395 1513 455 1585 vel
473 1513 618 1585 nullum
637 1512 920 1606 praecipitatum
941 1512 1132 1587 efficiatur.

315 1835 648 2006 Magnesium
677 1836 922 1970 uitricum
942 1835 1321 1972 effervescens,

225 2073 301 2166 Rp:
334 2077 429 2149 Acili
447 2078 558 2148 ultrici
578 2086 634 2156 (IV)
1155 2082 1281 2171 partes
1366 2080 1418 2152 30

333 2202 495 2292 Magnesil
514 2203 683 2275 sarbonici
1160 2209 1283 2298 partes
1369 2206 1418 2278 10

307 2329 529 2402 commixtas
543 2328 583 2401 in
596 2326 727 2420 patina
740 2312 979 2420 porcellanea
994 2328 1135 2402 calefac
1152 2330 1223 2403 sub
1240 2332 1416 2405 continua

226 2454 426 2547 agitatione
445 2476 568 2549 usque
589 2454 638 2527 ad
656 2456 865 2547 perfectum
885 2456 1051 2548 pulveris
1072 2458 1293 2552 collapsum.

305 2582 399 2658 Post
416 2582 735 2676 refrigerationem
754 2582 922 2657 admisce

333 2713 442 2786 Natril
460 2713 740 2804 hylmcarluuici
1144 2720 1268 2809 partes
1352 2718 1404 2789 34

332 2843 426 2913 Acilii
446 2842 558 2913 uitrici
578 2849 634 2922 (IV)
1147 2848 1268 2936 parles
1354 2844 1401 2915 16

333 2969 491 3041 Succhari
509 2968 679 3059 pulverati
1149 2975 1268 3062 partes
1356 2972 1415 3044 10.

304 3093 525 3167 Instillaudo

331 3223 500 3294 Alcuhclis
521 3222 668 3294 absoluti
993 3221 1131 3293 circiter
1142 3228 1267 3318 panca·
1378 3226 1402 3298 6

306 3351 343 3420 et
371 3367 443 3440 ope
472 3346 601 3439 pistilli
629 3345 760 3420 leniter
788 3346 946 3420 terendo
975 3343 1184 3422 miscellam
1216 3349 1344 3443 redige
1377 3352 1416 3424 in

224 3494 392 3546 massam
420 3473 627 3565 glehcsam,
657 3494 754 3566 quae
782 3474 1000 3548 traiiciendo
1028 3496 1095 3568 per
1124 3476 1286 3550 cribrum
1305 3489 1350 3562 (11)
1377 3480 1416 3552 in

223 3600 415 3693 pulverem
452 3621 630 3691 grossum
668 3600 904 3692 aequabilem
942 3604 1224 3676 transformetur
1265 3609 1302 3678 et
1341 3605 1417 3679 leni

225 3728 348 3801 calore
368 3727 482 3801 siccet
530 3782 538 3799 .

332 3855 386 3928 Sit
417 3854 540 3948 pulvis
574 3854 685 3927 albus
718 3875 853 3948 grosse
886 3856 1129 3949 granulosus;
1172 3858 1339 3931 solvatur
1376 3860 1415 3932 in

223 4003 331 4075 aqua,
369 3981 542 4055 emittens
583 3981 732 4074 copiam
770 3982 866 4055 acidi
904 3984 1103 4073 carbouici‚
1150 3984 1187 4056 in
1230 3984 1415 4077 liquorem

223 4109 423 4184 reactionis
443 4108 622 4181 aridulae.

331 4234 474 4310 Salutio
493 4256 643 4328 aquosa
657 4237 692 4327 (1
712 4266 758 4301 =
777 4237 838 4328 10)
853 4236 980 4311 addita
994 4259 1095 4331 aqua
1108 4238 1416 4329 hydrosulfurata

225 4385 274 4437 ue
307 4367 482 4451 mutetur,
516 4383 588 4435 nec
626 4362 752 4437 addito
799 4349 898 4437 kaliu
928 4365 1069 4438 ucetico
1099 4366 1222 4439 soluto
1252 4366 1418 4459 deponat

223 4490 364 4564 kalium
383 4489 727 4582 hydrotartaricum

332 4616 505 4690 Servetur
523 4615 672 4689 invase
692 4617 831 4710 optime
851 4617 992 4692 clausu

276 4843 469 4899 Pharmccopoca.
