3725 5400
743 444 953 518 -53-

251 663 377 738 odoris
396 663 597 757 peculiaris
616 661 819 751 balsamici,
849 663 996 756 saporis
1022 683 1108 736 cum
1132 663 1257 755 aliqua
1275 663 1449 736 acredine

251 789 501 865 amaricantia.

360 917 579 992 Balsamum
607 915 794 1010 Copa'ivae
826 916 979 1010 limpide
1014 917 1183 991 solvatur
1210 916 1250 990 in
1279 917 1450 991 alcohole

252 1044 439 1134 absoluto,
461 1045 624 1135 aethere,
644 1044 922 1135 chloroformio,
945 1043 1115 1118 aloohole
1135 1044 1293 1136 amylioo
1313 1050 1351 1118 et
1372 1065 1452 1117 car·

252 1172 377 1246 boneo
397 1171 590 1245 sulfurato.

360 1298 477 1372 Lente
498 1298 720 1373 calefactum
738 1320 786 1373 ne
806 1299 979 1373 redoleat
1007 1299 1132 1373 oleum
1150 1299 1450 1374 Terebinthinae.

361 1425 405 1500 In
424 1426 561 1501 balneo
594 1448 716 1519 aquae
736 1432 984 1519 evaporatum
1000 1427 1165 1499 resinam
1185 1426 1282 1501 lacte
1305 1427 1452 1501 fuscam

252 1552 458 1645 limpidam,
479 1559 567 1646 post
584 1552 908 1647 refrigerationem
926 1553 1098 1645 solidam,
1125 1554 1307 1647 fragilem,
1329 1575 1450 1628 amor-

253 1680 371 1773 pham
388 1680 585 1773 relinquat.

367 1806 586 1882 Grammata
620 1810 643 1882 3
673 1808 839 1882 Balsami
872 1829 959 1881 cum
991 1808 1219 1883 centimetris
1253 1807 1393 1881 cubicis
1429 1808 1452 1880 b

255 1935 418 2008 aetheris
438 1936 594 2029 petrolei
612 1935 840 2009 solutionem
859 1935 1051 2028 limpidam
1070 1935 1287 2029 praebeant,
1313 1955 1359 2008 ex
1379 1955 1454 2027 qua

255 2061 392 2136 additis
427 2061 508 2135 aliis
542 2062 709 2155 partibus
742 2062 857 2136 huius
889 2063 1017 2136 resina
1048 2063 1088 2136 in
1119 2061 1284 2135 flocculis
1317 2061 1452 2135 albidis

254 2188 526 2282 praecipitetur.
977 2290 979 2295 γ

364 2313 583 2391 Grammata
611 2315 823 2391 3Balsami
853 2337 940 2390 cum
969 2317 1187 2391 centimetro
1215 2315 1346 2390 cubico
1376 2337 1452 2389 am·

255 2442 405 2517 moniae
443 2443 735 2537 conquassanda
781 2444 1009 2518 solutionem
1049 2443 1242 2537 limpidam
1275 2443 1451 2532 efficiunt,

256 2590 355 2663 quae
394 2576 431 2644 et
465 2575 661 2644 remaneat
696 2571 860 2664 limpida,
908 2570 1045 2665 quodsi
1081 2570 1269 2644 addideris
1310 2569 1455 2644 fortiter

257 2687 551 2790 conquassando
587 2674 848 2773 centimetrum
882 2700 1055 2773 cubicum
1088 2699 1247 2772 alterum
1276 2702 1314 2773 et
1341 2696 1453 2771 etiam

254 2826 406 2899 tertium
424 2825 646 2901 ammoniae.

367 2952 510 3027 Solutio
532 2975 551 3026 e
571 2953 684 3045 guttis
705 2953 728 3027 5
748 2952 916 3027 Balsami
933 2953 973 3026 in
993 2952 1221 3028 centimetris
1241 2952 1382 3025 cubicis
1406 2952 1453 3025 15

258 3079 353 3154 acidi
377 3079 505 3153 acetici
543 3080 773 3154 concentrati
805 3078 980 3152 admixtis
1013 3079 1171 3171 guttis5
1207 3077 1304 3151 acidi
1336 3077 1456 3151 nitrici

257 3207 488 3281 concontrati
506 3208 605 3281 intra
624 3208 759 3281 horam
779 3207 946 3281 colorem
964 3228 1119 3281 roseum
1137 3226 1186 3280 ne
1206 3205 1373 3297 accipiat

503 3494 806 3629 Balsanun
839 3493 1214 3629 Pacuvianum.

371 3714 556 3811 Toturfero
571 3714 736 3788 Pereirae
754 3714 948 3805 Baillon,
977 3716 1090 3789 arbor
1106 3714 1146 3788 in
1164 3713 1353 3788 montanis
1373 3712 1457 3786 civi-

259 3844 347 3919 tatis
368 3842 444 3917 San
463 3842 648 3916 Salvador
666 3843 861 3916 Americae
881 3842 1067 3915 centralis,

369 3970 509 4062 Liquor
529 3970 658 4065 syrupi
676 3970 796 4045 instar
813 3971 952 4060 lentus„
981 3972 1085 4041 tactu
1104 3967 1354 4060 unguinosuS,
1379 3986 1460 4039 non

262 4098 485 4191 glutinosus
522 4098 656 4172 coloris
691 4097 839 4189 enigro
858 4096 963 4185 fusci,
995 4096 1034 4169 in
1067 4095 1193 4168 stratis
1226 4092 1459 4167 tenuioribus

261 4225 502 4316 fusco-rubri,
561 4225 739 4320 limpidus
785 4223 1011 4318 pellucidus,
1070 4220 1250 4315 ponderis
1297 4218 1462 4313 specifici

268 4352 511 4443 lat-llo,
540 4352 740 4427 reactionis
770 4351 911 4441 acidae,
945 4351 986 4423 in
1014 4357 1099 4423 aere
1128 4369 1208 4421 non
1235 4347 1459 4436 siccescens

264 4479 391 4554 odoris
438 4480 532 4572 grati
578 4479 784 4569 vanillacei,
833 4478 1107 4570 aliquantulum
1144 4472 1460 4567 empyreumatici,

263 4606 409 4699 saporis
430 4607 621 4680 subamari
641 4606 748 4679 acris,
