3725 5400
758 394 966 464 „55-

370 609 586 701 Antequam
604 607 826 683 Balsamum
847 609 1081 697 adhibeatur,
1111 608 1149 680 in
1178 608 1315 681 balneo
1336 628 1457 702 aquae

264 737 506 829 evaporando
526 737 574 808 ab
594 758 696 830 aqua
713 737 882 810 immixta
900 737 1067 810 munima
1091 757 1136 809 ex
1152 742 1256 828 parte
1271 736 1459 832 liberetur,

261 868 343 938 turn
363 863 567 957 inaequali
594 864 761 957 pondere
781 864 935 957 spiritus
964 864 1042 937 vini
1060 864 1231 937 solvatur
1258 868 1295 937 et
1313 886 1334 938 e
1358 865 1459 938 solu-

261 991 364 1064 tione
382 990 520 1064 filtrata
537 990 687 1064 alcohol
708 996 942 1084 evaporetur.

370 1119 504 1209 Styrax
547 1117 710 1210 liquidus
763 1118 849 1191 inde
898 1119 1075 1191 obtentus
1127 1121 1312 1209 denunt-ns
1360 1119 1460 1192 sistit

259 1264 431 1318 massam
450 1245 587 1318 eoloris
611 1246 718 1336 fusci,
751 1246 790 1318 in
819 1250 939 1319 strato
968 1247 1073 1319 tenui
1102 1244 1339 1337 pellucidam,
1370 1266 1457 1318 eon·

258 1371 450 1447 sistentiae
480 1373 634 1446 extracti
663 1372 787 1466 spissi,
821 1372 1021 1446 solubilem
1053 1373 1206 1465 limpide
1239 1374 1279 1445 in
1308 1373 1457 1465 aequali

259 1499 425 1591 pondere
455 1499 609 1592 spiritus
628 1499 716 1588 vini,
747 1499 787 1572 in
817 1499 984 1588 aethere,
1006 1501 1193 1573 carbonen
1215 1500 1398 1574 sulfurato
1421 1504 1457 1572 et

256 1626 296 1699 in
315 1627 483 1713 banzola,
504 1626 630 1700 necin
647 1628 801 1701 aethere
821 1627 986 1719 petrolei

367 1752 461 1827 Cum
495 1754 681 1827 solutione
714 1753 801 1827 kalii
833 1753 1168 1847 hyperrnanganiei
1200 1754 1332 1827 leniter
1361 1753 1454 1826 cale·

255 1878 378 1954 factus
406 1877 575 1953 redoleat
599 1879 743 1953 fortiter
771 1881 896 1954 oleum
925 1879 1209 1972 amygdalarum
1238 1900 1455 1953 amararum

258 2008 486 2081 aethereum.

368 2134 443 2207 100
476 2138 604 2227 partes
642 2132 809 2207 Balsami
842 2132 995 2208 minime
1032 2141 1159 2229 partes
1199 2134 1249 2208 65
1288 2134 1453 2229 Styraeis

255 2259 425 2355 depurati
445 2258 615 2334 efficiant
644 2258 788 2334 Eadem
818 2263 1008 2354 quantitas
1032 2258 1199 2334 Balsami
1228 2260 1360 2354 spiritu
1378 2262 1453 2334 vini

253 2386 451 2462 ebulliente
484 2389 645 2481 perfecte
680 2389 867 2463 exhausta
898 2411 947 2464 ne
979 2392 1066 2483 plus
1096 2410 1210 2482 quam
1235 2396 1361 2481 partes
1388 2387 1449 2463 th

252 2516 394 2589 residui
414 2515 596 2590 exhibeat.

365 2641 441 2717 100
460 2649 588 2737 partes
609 2641 773 2736 Styraeis
794 2643 964 2737 reparari
992 2664 1041 2717 ne
1066 2646 1152 2737 plus
1173 2662 1286 2736 quarn
1304 2649 1452 2738 partem

253 2767 445 2843 dimidiam
466 2771 600 2844 cineris
621 2769 843 2863 relinquant.

486 3112 784 3246 Balsanun
817 3110 1211 3246 Terebinthina.

586 3336 870 3417 Terebinthina
892 3337 1132 3416 communis.

356 3528 471 3604 Pinus
484 3527 627 3603 Luririu
645 3529 805 3622 Poiret,
825 3530 939 3606 Pinus
953 3529 1125 3604 silvestris
1138 3532 1179 3605 L.
1200 3536 1236 3606 et
1251 3532 1344 3606 aliae
1359 3527 1448 3607 Ptnt

248 3657 406 3749 speciae,
419 3658 575 3731 arbores
592 3659 631 3731 in
640 3656 795 3751 Europa
804 3663 841 3732 et
850 3657 891 3732 in
902 3658 1077 3733 Amerina
1085 3657 1229 3732 boreali
1239 3658 1446 3751 indigenae.

356 3783 575 3858 Balsamum
608 3786 780 3860 naturale
814 3807 834 3860 e
867 3785 1011 3859 truncis
1042 3786 1249 3859 vulneratis
1287 3787 1444 3860 ellluens

246 3910 511 3998 serniiluidum,
519 3912 989 4005 uirbidum,granulosum,
998 3914 1139 3985 lentum
1149 3918 1271 4002 tenax,
1279 3913 1443 3988 albidum

245 4036 306 4111 vel
326 4035 605 4128 oehroleururn‚
636 4041 708 4114 sub
738 4041 988 4133 microscopio
1009 4039 1209 4131 crystallus
1229 4038 1442 4114 cotiiormes

246 4161 438 4253 exhibens
459 4165 587 4239 odoris
606 4166 804 4260 peculiaris
824 4165 926 4239 haud
951 4167 1046 4259 grati
1065 4166 1310 4257 penetrantis,
1330 4187 1441 4260 sapo-

243 4289 295 4363 ris
316 4292 560 4366 amariuseuli
577 4292 769 4366 irritantis

352 4418 424 4492 Per
450 4420 600 4510 longius
628 4427 778 4513 tempus
808 4420 1019 4513 sepositum
1052 4424 1212 4494 stratum
1244 4418 1443 4513 limpidum

245 4549 282 4619 et
300 4544 533 4639 diaphanum
554 4549 690 4621 eoloris
710 4547 854 4621 succini
873 4548 912 4619 in
932 4549 1131 4640 superficie
1150 4549 1316 4641 praebet
