3725 5400
925 490 1162 563 -nta-

554 705 837 800 Nonnunquam
883 707 1095 782 substantia
1140 709 1335 803 pulverata
1380 708 1511 804 spiritu
1564 710 1641 785 vini

444 833 655 908 humectari
673 837 831 928 oportet,
852 834 891 907 in
910 834 1070 928 singulis
1091 835 1242 909 casibus
1262 836 1407 911 adiecto
1428 839 1551 931 amylo
1580 839 1640 912 vel

444 961 597 1055 pulvere
631 961 917 1054 Tragacanthae
964 962 1172 1036 solubilitas
1211 985 1362 1038 massae
1400 963 1640 1039 Pastillorum

446 1089 654 1179 adiuvatur,
690 1093 856 1163 attamen
889 1089 1186 1163 additamentum
1224 1091 1459 1185 mucilaginis
1497 1093 1641 1185 gummi

445 1211 606 1290 Acaciae
628 1238 797 1291 massam
816 1216 1058 1291 durissimam
1077 1217 1199 1307 efficit,
1221 1239 1338 1315 quare
1357 1208 1552 1292 vitandum
1571 1226 1639 1294 est

553 1343 708 1418 Pondus
736 1345 976 1418 Pastillorum
1002 1343 1123 1418 variat
1150 1344 1367 1439 dependens
1392 1346 1639 1439 aquantitate

446 1471 707 1545 medicamenti
734 1472 964 1566 praescripti.
999 1471 1042 1545 In
1075 1492 1212 1564 genere
1241 1472 1378 1566 singuli
1400 1473 1542 1547 Pastilli
1565 1474 1641 1548 sint

444 1598 623 1692 ponderis
644 1598 859 1691 grammatis
878 1600 1002 1673 unius.
1125 1590 1127 1593 ’

556 1832 906 1945 Pastilli
958 1833 1524 1971 Hydrarmlrf

590 1995 1036 2110 Memorem
1072 1996 1497 2111 corruam.

446 2161 519 2259 Rp:
553 2166 764 2257 Hydrargyri
777 2166 959 2237 lielrlorati
974 2166 1136 2237 corrosiri

549 2293 657 2365 Natrti
672 2293 817 2364 chloran
1267 2288 1314 2363 ιῖα
1325 2297 1450 2387 partes
1468 2291 1640 2387 aequatas.

554 2418 779 2492 Triturando
807 2418 1075 2513 perfectissime
1105 2418 1240 2492 mixtae
1270 2423 1307 2492 et
1335 2440 1423 2492 cum
1451 2416 1637 2492 solutione

447 2546 567 2620 eosini
600 2547 787 2620 coloratae
826 2545 1109 2640 compressione
1142 2546 1181 2618 in
1212 2546 1383 2641 pastillos
1429 2547 1640 2619 formentur

445 2674 623 2771 ponderis
644 2679 680 2748 et
699 2679 949 2767 grammatum
970 2674 992 2747 l
1014 2679 1051 2749 et
1070 2674 1288 2767 grammatis
1312 2675 1345 2748 1.
1710 2749 1713 2752 ,

553 2802 694 2878 Pastilli
731 2802 867 2877 coloris
904 2801 1019 2891 rubri,
1060 2802 1154 2892 duri,
1193 2803 1232 2875 in
1270 2823 1370 2897 aqua
1400 2802 1572 2877 facillime
1602 2809 1639 2877 et

445 2931 606 3027 perfecte
628 2932 750 3006 colore
770 2924 889 3004 roseo'
901 2930 1093 3019 solubiles,
1110 2951 1273 3024 quorum
1292 2930 1428 3023 singuli
1446 2930 1639 3005 continent

443 3058 672 3153 Hydrargyri
694 3057 889 3131 bichlorati
913 3056 1093 3130 corrosivi
1106 3049 1287 3157 {gramma
1307 3078 1426 3130 unum
1449 3057 1540 3148 (1·0)
1573 3063 1639 3132 aut

444 3186 737 3277 decigrammata
755 3184 919 3277 quinque
939 3183 1046 3279 (0·5).

552 3312 739 3386 Pulverati
775 3316 812 3384 et
848 3332 936 3384 cum
973 3311 1183 3385 sufficiente
1231 3310 1435 3404 quantitate
1473 3311 1637 3385 aetheris

444 3440 597 3515 extracti
615 3460 663 3512 ne
682 3439 767 3532 plus
787 3438 938 3527 residui,
960 3459 1075 3531 quam
1094 3438 1285 3511 dimidiam
1303 3437 1482 3532 ponderis
1500 3438 1637 3532 pastilli

442 3571 587 3661 partem
606 3566 827 3658 relinquant

551 3693 823 3788 Dispensentur
842 3693 913 3766 sub
934 3692 1042 3784 signo
1068 3691 1370 3779 ,Venenum‘in
1388 3693 1491 3766 vasis
1510 3692 1636 3767 vitreis
1761 3685 1762 3688 '

443 3820 593 3895 clausis.
620 3819 761 3894 Pastilli
789 3819 925 3916 singuli
953 3820 1089 3893 dentur
1117 3820 1165 3893 ad
1194 3819 1365 3894 chartam
1392 3820 1540 3912 nigram
1563 3820 1635 3893 sub

442 3949 636 4041 signatura
660 3947 899 4035 ,Venenum‘
923 3947 964 4021 in
981 3946 1236 4021 litterisalhis.

551 4074 774 4152 Cautissime
794 4079 1034 4152 serventura
1050 4074 1133 4157 luce
1152 4073 1287 4147 remoti
1304 4073 1344 4145 in
1362 4074 1446 4147 loco
1468 4073 1580 4147 sicco.
1608 4093 1610 4096 ·

707 4306 916 4442 Pastilli
952 4306 1370 4477 lpccacuanlne.

441 4530 516 4623 Rp:
549 4531 683 4603 Radicts
697 4531 946 4622 lpecacnanlrac
961 4539 1018 4611 (VI)
1322 4550 1484 4624 grommo
1611 4531 1628 4601 1

549 4659 711 4730 sacchar}
725 4659 762 4730 ln
776 4660 915 4748 pulvere
955 4675 956 4680 ’
1288 4647 1488 4754 grammato
1571 4655 1632 4729 50.
