3725 5400
708 431 951 504 -343-

232 653 386 748 bryonis
405 652 607 747 polyedrae
636 650 891 745 leptodermae
926 649 1084 740 granula
1117 649 1233 722 aleuri
1266 669 1432 721 unacum

233 780 398 875 granulis
418 779 621 852 rarioribus
642 777 754 871 amyli
774 776 977 851 continent.

345 909 422 981 100
450 911 577 1001 partes
605 905 741 979 mercis
770 927 818 978 ne
847 905 974 978 minus
1005 925 1119 997 quam
1147 907 1274 997 partes
1298 903 1346 976 11
1371 924 1433 976 ex-

233 1036 341 1111 tracti
360 1034 551 1128 spirituosi
564 1035 781 1128 praebeant.
803 1031 946 1106 Eadem
963 1030 1152 1124 quantitas
1172 1031 1371 1104 combusta
1384 1051 1433 1103 ne

234 1165 319 1258 plus
340 1185 454 1263 quam
473 1168 600 1258 partes
622 1163 644 1236 5
666 1160 801 1235 cineris
821 1160 905 1255 albi,
921 1180 967 1232 ex
982 1163 1062 1233 toto
1080 1157 1249 1233 solubilis
1268 1157 1308 1230 in
1327 1157 1433 1231 acido

235 1290 521 1384 hydroohlorico
541 1289 738 1383 relinquat.

467 1577 764 1689 Samen
799 1572 1213 1712 Struebat.

347 1797 537 1897 Stryclnos
555 1795 639 1870 Nux
656 1796 792 1869 vomitu
810 1795 863 1886 L.,
883 1794 996 1868 arbor
1014 1794 1141 1868 Indiae
1162 1793 1364 1868 orientalis.

345 1926 496 2000 Semina
542 1924 733 1998 discoidea
779 1944 893 2016 saepe
937 1922 1214 2010 subincmyata,
1263 1921 1431 2014 margine

235 2056 455 2144 incrassata,
491 2059 620 2128 centro
644 2054 866 2156 umbonem,
904 2053 926 2125 1
958 2094 1010 2105 -
1043 2053 1107 2126 b5
1143 2051 1363 2125 centimetra
1394 2051 1433 2124 in

237 2184 429 2273 diametro,
445 2182 666 2256 indumento
681 2181 783 2255 molli
794 2180 950 2271 sericae,
967 2179 1162 2254 subviridi·
1172 2181 1232 2253 vel
1247 2179 1435 2253 subflavo·

240 2312 363 2404 griseo
398 2333 418 2385 e
451 2311 535 2405 pilis
570 2311 761 2405 adpressis
797 2309 914 2383 dense
948 2309 1094 2398 vestita,
1128 2307 1206 2381 hilo
1241 2307 1438 2400 marginali

239 2438 563 2528 veruculaeformi,
599 2437 788 2510 albumine
823 2436 1062 2530 cartilagineo
1098 2436 1222 2510 albido
1254 2439 1319 2509 aut
1347 2435 1436 2508 sub·

241 2567 374 2658 glauco
393 2566 579 2660 bipartite,
600 2565 768 2658 margine
789 2570 965 2654 connata,
994 2565 1239 2657 embryonem
1259 2565 1437 2638 excentri-

242 2717 329 2769 cum
366 2693 650 2788 cotyledonibus
689 2692 823 2787 planis
864 2692 1040 2783 cordatis
1079 2692 1271 2787 palmatim
1310 2691 1349 2765 5-
1388 2692 1437 2766 ad

243 2824 263 2894 7
268 2821 418 2894 -uerviis
433 2821 598 2895 loliaceis
614 2827 651 2895 et
664 2821 832 2894 radicula
849 2821 957 2894 tereti
971 2821 1195 2894 instructum
1210 2821 1435 2894 includente.

350 2949 476 3021 Pulvis
497 2949 759 3041 griseo-albus
780 2948 927 3043 saporis
954 2947 1189 3036 amarissimi,
1211 2970 1283 3041 ope
1305 2947 1437 3020 micro·

244 3076 363 3169 scopii
377 3076 592 3170 exploratus
608 3075 759 3149 exhibet
771 3075 993 3170 praeprimis
1007 3075 1218 3167 fragmenta
1237 3075 1438 3148 albuminis

244 3225 263 3276 e
283 3203 424 3276 cellulis
434 3202 632 3297 polygonis
643 3202 881 3276 decoloribus
896 3202 1117 3276 membrana
1131 3186 1262 3276 crassa
1274 3201 1437 3295 hyalino,

242 3332 346 3405 haud
379 3350 529 3424 porosa
563 3330 840 3404 continentibus
872 3330 911 3403 in
940 3332 1124 3425 plasmate
1158 3331 1288 3404 oleoso
1322 3351 1440 3423 grana

244 3459 361 3533 aleuri
374 3479 499 3550 neque
523 3457 635 3550 amyli
658 3462 696 3530 et
708 3458 920 3550 fragmenta
942 3462 1072 3549 testae,
1096 3458 1278 3552 imprimis
1299 3457 1440 3551 epider·

245 3585 356 3659 midis
377 3607 397 3659 e
418 3585 559 3658 cellulis
581 3584 805 3674 scleraideiS,
826 3585 984 3677 singulis
1004 3585 1088 3658 basi
1106 3584 1278 3676 bulbosa
1308 3605 1440 3677 grosse

244 3713 466 3786 reticulatim
483 3711 703 3801 incrassata,
723 3734 743 3785 e
759 3736 835 3807 qua
850 3713 922 3787 sub
938 3715 1077 3806 angulo
1098 3713 1236 3788 obtuso
1252 3714 1442 3788 enascitur
1480 3792 1484 3797 ,

244 3862 332 3933 pars
366 3844 524 3931 angusta
559 3840 767 3933 piliformiS,
806 3840 904 3914 intra
937 3842 1197 3915 membranam
1226 3841 1441 3936 primariam

244 3966 369 4039 undas
388 3971 510 4039 rectas
529 3966 690 4040 lineares
710 3967 952 4042 membranae
973 3970 1219 4043 secundariae
1239 3968 1439 4062 simplices

245 4093 390 4189 passim
427 4115 611 4187 processu
648 4094 752 4168 brevi
790 4097 1011 4171 coniunctas
1051 4097 1244 4185 exhibens
1285 4118 1382 4189 quae
1421 4117 1441 4169 e

246 4220 466 4294 membrana
497 4220 673 4314 primaria
706 4223 852 4297 solutae
885 4223 1025 4317 ubique
1059 4224 1098 4297 in
1131 4224 1284 4319 pulvere
1318 4222 1442 4317 eopio-

248 4347 420 4421 sissimae
439 4348 687 4442 reperiuntur.

354 4475 485 4548 Partes
536 4476 611 4550 100
659 4476 819 4550 Seminis
858 4477 1032 4571 Sirychni
1078 4500 1126 4552 ne
1163 4478 1289 4552 minus
1329 4499 1443 4571 quam

247 4608 373 4698 partes
398 4603 443 4675 10
465 4603 618 4677 extracti
638 4604 829 4699 spirituosi
848 4605 1064 4698 praebeant.
1090 4606 1234 4679 Eadem
1253 4605 1442 4697 quantitas
