3725 5400
919 456 1161 531 -318-

552 676 688 751 Cortex
718 675 872 749 Radicis
900 674 1069 748 abundat
1094 673 1196 747 vasis
1229 671 1403 746 loetiferis
1435 669 1636 744 articulatis

442 803 706 892 retiformibus
733 802 821 876 indc
848 801 968 876 lineae
1001 801 1131 874 fuscae
1165 798 1422 873 concentn'cae
1441 819 1558 891 supra
1575 797 1637 871 de·

443 930 603 1025 scriptae
623 931 661 1005 in
680 930 845 1004 sectione
865 927 1117 1003 transversali
1145 926 1309 1001 Cellulae
1336 924 1637 1020 perenchymatis

442 1058 585 1132 inulino
604 1057 767 1150 repletae
787 1060 886 1131 sunt

555 1185 632 1257 100
645 1182 797 1258 Radicis
811 1189 937 1278 partes
951 1205 1000 1256 ne
1014 1183 1140 1256 minus
1155 1203 1269 1275 quam
1283 1185 1408 1275 partes
1423 1180 1476 1253 40
1487 1179 1640 1254 extracti

444 1312 579 1407 aquosi
598 1311 810 1400 exhibeant3
845 1310 979 1385 eadem
998 1310 1186 1403 quantitas
1203 1309 1356 1383 Radicis
1376 1308 1574 1382 combusta
1591 1327 1639 1380 ne

443 1442 529 1535 plus
550 1462 665 1533 quam
683 1443 809 1533 partes
830 1440 853 1513 8
875 1438 1009 1513 cineris
1028 1437 1225 1531 relinquat.
1282 1461 1290 1476 ·

552 1567 731 1640 Fodiatur
743 1566 866 1641 Radix
879 1567 1047 1654 inodora
1056 1564 1202 1660 saporis
1217 1563 1345 1653 amari,
1358 1585 1443 1637 sero
1459 1568 1639 1636 autumno

440 1701 486 1768 et
503 1694 600 1768 bene
620 1696 760 1768 siccata
779 1699 903 1768 servet
950 1749 959 1768 .

554 1820 596 1894 ln
615 1826 827 1894 mercatura
846 1820 998 1893 obvenit
1015 1819 1238 1913 plerumque
1258 1818 1388 1892 scissa

772 2196 949 2331 Radix
979 2196 1315 2332 Valeriarao.

562 2455 756 2529 Valeriano
774 2453 967 2549 officinalis
985 2454 1037 2543 L.‚
1062 2454 1190 2548 planta
1207 2453 1372 2527 rediviva
1389 2454 1576 2546 indigena,
1602 2451 1640 2523 in

446 2583 561 2672 silvis,
582 2581 812 2670 nemoribus,
834 2580 882 2654 ad
902 2602 1014 2674 sepes
1032 2581 1223 2673 frequens.

554 2710 742 2784 Rhizoma
750 2710 932 2784 siccatum
946 2709 1159 2797 obeuntum,
1169 2708 1357 2782 interdum
1367 2706 1638 2795 stoloniferum,

447 2840 496 2912 ad
515 2839 542 2911 4
562 2838 779 2911 centimetre
795 2838 964 2929 longum,
1000 2836 1104 2908 u—3
1127 2835 1345 2909 centimetra
1376 2855 1560 2923 crassum,
1582 2854 1641 2906 ex·

352 2978 358 2992 ¹
446 2967 632 3040 trinsecus
666 2965 961 3039 subannulatum
994 2971 1031 3038 et
1057 2964 1228 3062 undique
1259 2963 1423 3037 obsitum
1450 2961 1639 3035 radicibus

448 3092 716 3187 copiosissimis
734 3092 868 3184 longis,
903 3092 953 3164 ad
987 3091 1239 3164 imillimetra
1272 3091 1412 3164 crassis
1443 3089 1634 3178 teretibus,

447 3219 765 3313 longitudinaliter
783 3219 934 3308 strictis,
954 3219 1160 3311 fragilibus
1182 3218 1318 3291 coloris
1337 3217 1446 3292 fusci.

556 3345 692 3420 Odoris
713 3350 771 3419 est
788 3345 986 3438 peculiaris
1005 3345 1206 3438 fragrantis
1225 3344 1367 3437 ingrati,
1387 3344 1534 3438 saporis
1554 3344 1641 3419 sub·

445 3474 941 3561 dulcescenti-amaricantiS‚
964 3472 1163 3546 aromatici

554 3601 598 3675 ln
617 3601 784 3675 sectione
803 3606 1020 3674 transversa
1051 3600 1268 3674 rhizomatis
1302 3604 1473 3674 centrum
1499 3599 1642 3673 medul-

446 3731 524 3803 lare
544 3729 818 3822 amplissimum
851 3729 1014 3802 cinctum
1046 3734 1104 3801 est
1137 3727 1274 3801 circulo
1303 3734 1466 3820 angusto
1484 3727 1642 3801 fascicu-

446 3859 570 3931 lorum
597 3857 687 3949 ligni
714 3857 969 3950 inaequalium
1001 3860 1039 3929 et
1056 3855 1161 3929 hicce
1194 3860 1311 3929 strato
1346 3856 1509 3930 corticali
1538 3855 1643 3929 tenui

447 3986 670 4079 plerumque
689 3984 810 4073 fusco,
832 3982 1079 4057 subresinoso
1099 3985 1251 4057 nitente.
1282 3982 1405 4057 Sectio
1424 3967 1643 4057 transuersa

447 4112 618 4186 radicum
651 4111 801 4184 exhibet
827 4112 970 4203 liguum
1003 4111 1166 4185 centrale
1199 4116 1331 4197 tenue,
1372 4110 1643 4185 circumdatum

449 4239 585 4313 cortice
604 4239 691 4311 lato

557 4365 637 4459 Ope
656 4366 893 4459 microscopii
912 4366 1131 4440 observabis
1149 4365 1388 4459 praesertim:
1409 4365 1481 4438 sub
1502 4363 1642 4459 epider·

449 4493 549 4567 mide
577 4492 758 4581 radicum,
783 4494 866 4586 pilis
894 4493 1077 4568 instructa
1099 4497 1259 4566 stratum
1282 4492 1481 4566 uuiseriale
1497 4514 1517 4566 e
1534 4492 1644 4566 cellu-

449 4620 495 4693 lis
514 4621 736 4695 membrana
754 4620 931 4694 suberina
960 4620 1147 4714 praeditis,
1176 4620 1259 4694 oleo
1289 4616 1465 4694 aethereo
1492 4619 1644 4712 repletis
