3725 5400
925 445 1161 517 —148-

560 663 634 735 100
667 668 796 757 partes
829 662 966 736 mercis
1008 683 1056 737 ne
1103 664 1228 737 minus
1266 685 1381 757 quam
1426 665 1474 738 16
1513 672 1640 758 partes

445 789 600 865 extracti
619 790 809 884 spirituosi
829 789 1032 863 exhibeant
1050 795 1088 864 et
1106 790 1325 864 combustae
1344 810 1394 864 ne
1413 792 1500 884 plus
1524 814 1639 885 quam

444 924 570 1013 partes
591 920 615 994 8
635 919 771 994 cineris
791 919 1013 1013 relinquant

553 1046 744 1121 Anthodia
776 1046 911 1121 similia
948 1047 1159 1142 specierum
1189 1047 1458 1123 nonnullarum
1490 1050 1642 1123 Arouioi

446 1180 483 1248 et
513 1173 685 1247 Doronici
718 1173 996 1265 distinguuntur
1026 1174 1248 1267 praesertim
1279 1175 1446 1249 flosculis
1479 1176 1642 1269 ligulatis

444 1302 538 1376 radii
558 1302 868 1394 quatuomerviis.

755 1553 942 1687 liores
978 1550 1329 1725 damophylli.

911 1759 1177 1865 Caryophylli.

553 1937 717 2035 lingente
736 1937 1004 2036 coryoptytlata
1028 1938 1275 2030 Thunberg,
1307 1940 1419 2014 arbor
1445 1941 1484 2013 in
1503 1942 1639 2015 insulis

444 2067 622 2141 Moluccis
646 2066 833 2158 indigena,
862 2087 965 2139 nunc
991 2066 1089 2139 inter
1115 2067 1280 2159 tropicos
1304 2066 1381 2140 fere
1400 2069 1514 2141 totius
1535 2070 1640 2143 orbis

446 2197 554 2269 culta

553 2323 684 2396 Flores
698 2320 910 2414 inexplicati
928 2321 1055 2392 siccati
1068 2320 1276 2414 hypanthio
1298 2322 1640 2414 compressiusculo

445 2450 613 2524 obsoleta
623 2454 831 2541 tetragono,
841 2448 1020 2520 deorsum
1039 2453 1241 2536 attenuato,
1258 2449 1414 2523 10-15
1429 2449 1641 2523 millimetra

445 2578 569 2669 longe,
591 2576 639 2649 ad
676 2575 932 2648 imillimetra
968 2595 1111 2664 crasso,
1141 2575 1258 2649 dense
1282 2576 1453 2649 minutim
1485 2599 1639 2670 rugoso,

445 2707 582 2780 coloris
624 2703 835 2795 ferruginei,
874 2703 1016 2775 laciniis
1063 2703 1199 2795 calycis
1237 2703 1263 2775 4
1301 2705 1421 2778 ovatis
1465 2706 1640 2780 concavis

444 2832 658 2927 patentibus
677 2831 803 2922 rigidis
836 2835 1028 2920 coronato,
1062 2832 1101 2903 in
1121 2831 1313 2924 superiore
1346 2837 1451 2923 parte
1485 2855 1638 2926 germen

446 2960 646 3034 biloculare
688 2961 850 3046 fovente,
900 2958 1041 3030 corolla
1082 2959 1302 3051 tetrapetala
1334 2960 1474 3047 clausa,
1503 2961 1638 3054 petalis

443 3086 729 3161 cohaerentibus
751 3085 791 3157 in
809 3087 968 3157 sormam
988 3085 1174 3177 calyptrae
1198 3086 1635 3178 rotundato-tetragonae

443 3215 578 3288 coloris
598 3213 858 3301 flando-lusci,
879 3211 1042 3285 stamina
1064 3212 1174 3305 plura
1193 3218 1229 3285 et
1247 3213 1385 3305 stylum
1418 3213 1636 3288 subulatum

442 3341 654 3436 operientis.

550 3466 798 3562 Carpophylli,
833 3467 960 3540 odoris
995 3473 1098 3561 grate
1120 3467 1321 3557 aromatici,
1356 3469 1504 3561 saporis
1537 3471 1636 3543 acris

441 3596 737 3683 condimentarii,
750 3595 945 3669 abundant
963 3616 1101 3687 magna
1115 3594 1357 3687 proportione
1373 3595 1444 3668 olei
1459 3596 1635 3671 aetherei.

439 3723 624 3816 Imprimis
636 3724 711 3796 tela
720 3723 914 3816 hypanthii
924 3720 1158 3815 peripherica
1167 3721 1205 3793 in
1216 3721 1380 3794 sectione
1391 3723 1634 3797 transversali

439 3856 477 3923 et
512 3849 772 3942 longitudinali
805 3850 877 3922 sub
914 3850 1012 3921 lente
1051 3847 1201 3921 exhibet
1239 3868 1422 3922 cavernas
1457 3850 1632 3943 copiosas

439 3977 657 4071 sphaericus
676 3978 822 4071 amplas
842 3978 926 4051 oleo
947 3976 1121 4050 aethereo
1141 3975 1313 4068 repletas

547 4105 628 4178 Sint
660 4104 894 4198 Caryophylli
927 4104 1143 4197 ponderosi,
1177 4103 1320 4195 integri,
1350 4105 1486 4179 coloris
1515 4128 1632 4200 supra

439 4231 625 4324 descripti,
647 4233 774 4307 odoris
790 4237 826 4306 et
840 4232 988 4324 saporis
1007 4229 1251 4320 vehementis,
1267 4231 1341 4304 triti
1360 4233 1485 4305 oleum
1505 4235 1633 4308 aethe·

438 4382 542 4433 reum
562 4359 753 4433 sudantes.

545 4487 672 4561 Pulvis
720 4486 1067 4581 Caryophyllorum,
1114 4485 1361 4584 microscopio
1400 4488 1630 4579 exploratae,

436 4615 574 4688 eminet
602 4614 890 4707 parenchymato
910 4613 1046 4685 coloris
1065 4612 1173 4692 fusci,
1208 4612 1309 4704 quod
1343 4615 1465 4706 amylo
1486 4637 1531 4688 ex
1550 4621 1632 4689 toto
