3725 5400
915 511 1152 586 -236-

543 731 704 823 Lignum
713 730 917 804 Pierosmae
926 728 1075 803 arenae
1084 728 1274 815 Planoh,
1288 728 1434 801 arboris
1449 727 1630 821 imprimis

434 857 642 931 insularum
653 856 781 930 Indiae
792 857 1045 945 occidentalis
1063 856 1116 929 sio
1127 856 1266 929 dietum
1275 856 1436 947 Lignum
1447 854 1630 943 Quassiae

433 984 675 1073 lamaioense,
701 990 878 1078 prostans
898 985 939 1057 in
958 984 1161 1076 segmentis
1175 982 1431 1071 validioribus
1448 983 1629 1056 diametro

433 1112 625 1205 usquead
646 1113 668 1185 3
691 1111 892 1185 decimetra
912 1116 949 1184 et
968 1111 1077 1199 ultra,
1099 1111 1233 1183 cortice
1255 1110 1301 1182 ad
1326 1110 1342 1181 1
1368 1109 1630 1217 centimetrum

366 1225 368 1229 ¹
434 1260 576 1329 crasso,
593 1238 699 1329 dur0,
717 1238 847 1331 rigido,
868 1238 1027 1331 lignosa,
1043 1240 1263 1331 plerumque
1280 1241 1379 1309 arete
1400 1235 1629 1310 adhaerente

432 1365 551 1455 testie,
573 1372 763 1440 caeterum
781 1388 916 1460 parum
937 1364 1112 1439 differens
1128 1386 1197 1438 neo
1216 1365 1349 1437 virtute
1365 1363 1510 1436 medica
1528 1363 1629 1454 ligno

434 1491 618 1581 Quassiae
648 1514 798 1567 amarae
827 1493 977 1583 cedens,
1007 1493 1117 1565 etiarn
1139 1491 1317 1564 adhibere
1343 1492 1437 1579 licet,
1467 1511 1628 1563 nevero

434 1620 659 1694 adhibeatur
677 1641 812 1694 rasura
829 1619 984 1693 venalis

541 1747 673 1821 Partes
696 1747 773 1820 100
793 1748 900 1839 Ligni
914 1768 963 1820 ne
983 1747 1068 1841 plus
1090 1768 1204 1840 quam
1224 1750 1351 1839 partes
1373 1745 1396 1818 5
1417 1745 1552 1819 cineris
1572 1765 1628 1817 re·

432 1875 613 1968 linquant.

667 2234 893 2402 Lignum
922 2233 1127 2368 Santali
1155 2233 1390 2366 rubrum.

540 2508 778 2605 Pieroooqnus
795 2507 997 2581 santelinus
1014 2509 1055 2582 L.
1074 2508 1143 2597 lii,
1162 2509 1273 2581 arbor
1285 2507 1412 2580 Indiae
1428 2506 1628 2581 orientalis.

542 2637 730 2711 Duramen
758 2635 881 2710 trunci
909 2636 1106 2710 liberatum
1132 2657 1155 2710 a
1177 2636 1311 2710 cortice
1341 2639 1379 2709 et
1397 2635 1443 2708 ab
1471 2634 1626 2709 alburno

433 2766 569 2854 alhido,
582 2771 757 2859 prostans
768 2766 807 2838 in
817 2765 1007 2838 codicibus
1020 2769 1056 2836 et
1067 2764 1269 2855 segmentis
1280 2762 1627 2856 perlongitudinem

432 2893 562 2966 scissis
590 2892 749 2983 magnis,
781 2898 890 2966 extus
921 2891 1057 2964 coloris
1086 2889 1325 2980 fusco-rubri,
1351 2890 1496 2984 passim
1530 2896 1626 2963 atro·

431 3019 669 3108 subviolaoei,
727 3019 998 3112 ponderosum,
1058 3018 1206 3107 durum,
1261 3023 1509 3110 compactum,
1559 3015 1626 3089 sed

429 3148 537 3221 facile
548 3147 677 3235 fissile,
693 3146 883 3219 infissura
892 3167 1024 3238 grosse
1036 3152 1074 3219 et
1087 3146 1238 3238 oblique
1253 3145 1448 3232 fibrosum,
1466 3144 1625 3218 sericeo·

430 3275 566 3362 nitens
590 3274 725 3346 coloris
746 3278 911 3347 saturata
932 3273 1141 3364 sanguinei.

540 3401 663 3474 Sestio
710 3406 928 3473 transversa
964 3401 1101 3493 probat
1138 3422 1254 3474 zonas
1291 3397 1626 3474 subconeenlrioas

430 3528 663 3615 latiusoulas
684 3527 820 3600 coloris
841 3528 1088 3614 saturatioris,
1109 3527 1260 3602 orificiis
1280 3549 1459 3601 vasorum
1479 3525 1625 3619 amplis,

429 3675 565 3746 parurn
595 3654 821 3741 numerosis,
849 3655 1073 3747 plerumque
1094 3654 1283 3742 solitariis
1303 3659 1521 3728 transverse
1542 3674 1628 3726 oon·

430 3782 567 3854 innotis
586 3781 695 3854 lineis
715 3781 893 3853 brevibus
919 3780 1122 3869 undulatiS,
1149 3803 1228 3855 una
1248 3802 1334 3854 cum
1353 3781 1467 3855 radiis
1486 3780 1627 3852 medul-

430 3908 574 3981 laribus
594 3908 849 3981 subtilissimis
865 3908 1134 4000 approximatis
1154 3908 1290 3981 coloris
1313 3908 1508 3981 dilutioris.

540 4033 645 4109 Odor
662 4034 769 4126 Ligni
784 4035 859 4108 triti
874 4035 932 4108 vel
948 4035 1070 4108 irinati
1091 4041 1150 4109 est
1169 4035 1487 4109 subaromaticus.
1516 4035 1627 4127 Aqua

430 4163 564 4255 frigida
583 4163 660 4236 fere
680 4161 774 4236 nihil
791 4162 913 4247 solvit,
930 4162 1083 4254 spiritus
1098 4162 1175 4234 vini
1194 4168 1322 4234 autem
1337 4162 1445 4234 facile
1460 4162 1626 4255 pigmen·

429 4298 509 4365 tum
542 4291 700 4364 rubrum
734 4289 911 4385 extralrit;
945 4289 1082 4362 solutio
1117 4289 1332 4382 spirituosa
1368 4289 1494 4362 addito
1526 4289 1627 4364 ferro

430 4417 731 4510 sesquichloralo
752 4417 916 4490 colorem
937 4415 1145 4489 violaceum
1162 4415 1293 4490 induit

543 4545 618 4617 100
651 4550 779 4637 parles
799 4544 905 4636 Ligni
939 4566 988 4617 ne
1020 4544 1106 4636 plus
1141 4565 1257 4636 quam
1289 4544 1459 4637 panesa
1491 4543 1627 4618 cineris

430 4671 675 4746 subrubentis
694 4671 917 4763 relinquant
