3725 5400
514 1471 1145 1589 Acelantltdwm.

675 1662 1012 1744 neronum„

341 1842 529 1918 Lamellae
563 1842 802 1937 crystallinae
836 1841 1045 1932 decolores,
1087 1841 1261 1932 nitentes,
1300 1844 1427 1919 odoris

235 1975 416 2064 expertes
448 1969 598 2063 saporis
631 1969 779 2045 modice
812 1969 968 2059 urentis
1003 1969 1128 2044 salom
1162 1971 1424 2045 1130-114ο

233 2097 497 2190 liquescentes,
519 2095 621 2170 295⁰
636 2095 869 2170 ebullientes,
890 2096 1095 2171 Solvuntur
1108 2096 1332 2193 inpartibus
1349 2097 1427 2172 250

235 2245 355 2317 aquae
374 2223 542 2319 frigidae,
569 2224 610 2299 in
637 2223 688 2298 tl
707 2223 854 2299 circiter
872 2223 1042 2316 partibus
1061 2244 1183 2317 aquae
1199 2225 1428 2315 ebullientis

233 2350 461 2445 inpartibus
483 2351 542 2425 3·5
562 2351 714 2446 spiritus
731 2349 818 2441 vini,
845 2350 953 2425 facile
981 2350 1020 2424 in
1048 2350 1198 2425 aethere
1224 2357 1261 2426 et
1284 2352 1430 2429 chloro·

234 2477 384 2566 formi03
403 2479 612 2553 solutiones
633 2482 725 2553 sunt
741 2478 940 2555 reactionis
959 2478 1139 2551 neutrius.

342 2606 617 2680 Acetanilidnm
663 2626 750 2681 cum
797 2605 984 2680 solutione
1026 2605 1112 2680 kalii
1152 2604 1429 2702 hydrooxydati

235 2733 478 2820 torrefactum
509 2754 670 2826 vapores
704 2733 841 2808 evolvit
873 2732 1001 2806 odoris
1031 2733 1236 2823 aromatici;
1268 2733 1432 2808 mixtura

237 2859 371 2934 additis
408 2859 603 2934 nonnullis
638 2859 755 2951 guttis
794 2858 1046 2934 chloroformii
1083 2859 1217 2934 iterum
1250 2860 1431 2935 calefacta

237 2986 393 3061 odorem
410 3007 644 3061 nauseosum
666 2986 836 3062 isonitrili
855 2986 996 3060 emittit
1280 2966 1285 2976 ⁴

343 3111 388 3187 In
407 3113 591 3190 solutione
611 3135 631 3186 e
651 3113 912 3206 decigrammis
934 3113 957 3186 l
978 3113 1196 3187 Acetanilidi
1214 3134 1301 3189 cum
1320 3114 1432 3188 centi-

236 3240 363 3315 metn‘s
384 3241 523 3315 cubicis
543 3242 566 3315 l
588 3240 684 3314 acidi
700 3240 976 3334 hydrochiorici
993 3243 1135 3336 parata,
1159 3262 1228 3336 per
1244 3241 1433 3316 minutum

238 3373 346 3441 cocta
364 3372 402 3441 et
420 3367 507 3440 dein
526 3389 613 3442 cum
632 3367 858 3442 centimetris
883 3366 1024 3441 cubicis
1053 3366 1079 3439 4
1109 3366 1306 3441 solutionis
1335 3368 1433 3442 acidi

238 3493 413 3567 carbolici
444 3494 561 3566 mixta
592 3494 728 3567 solutio
758 3494 863 3570 calcii
881 3493 1149 3588 hypochlorosi
1169 3495 1334 3568 colorem
1352 3516 1433 3568 sor·

237 3621 321 3694 dide
340 3621 552 3694 violaceum
579 3620 740 3711 exhibet,
759 3621 823 3715 qui
842 3621 989 3695 adiecta
1007 3620 1223 3695 abundante
1242 3621 1433 3695 ammonia

237 3749 277 3821 in
296 3748 459 3822 colorem
477 3747 644 3821 indicum
662 3753 899 3822 constantem
918 3749 1063 3822 transit.

347 3874 491 3947 Solutio
518 3874 605 3948 ferri
632 3874 918 3968 sesquieblorati
944 3875 1071 3964 diluta,
1093 3874 1241 3949 adiecta
1262 3880 1434 3950 saturata

239 4002 425 4075 solutione
458 3982 695 4076 Acetanilidi'
710 4024 796 4076 curn
825 4024 926 4095 aqua
949 4001 1083 4095 frigida
1106 4006 1240 4096 parata
1268 4003 1431 4078 colorem

236 4151 316 4203 non
334 4133 464 4204 mutat

346 4255 607 4348 Decigramma
625 4255 847 4330 Acetanilidi
874 4256 915 4329 in
935 4256 1153 4330 centimetro
1183 4256 1316 4331 cubico
1333 4258 1432 4332 acidi

240 4383 408 4459 sulfurici
428 4384 606 4473 solvatur,
627 4384 718 4475 quin
737 4385 840 4457 color
860 4384 1011 4458 oriatur.

345 4511 606 4602 Decigramma
632 4511 853 4585 Acetanilidi
881 4509 1176 4603 conquassanda
1207 4530 1293 4584 cum
1317 4512 1431 4585 centi-

239 4644 360 4712 metro
379 4638 509 4711 cubico
530 4638 627 4711 acidi
646 4638 767 4711 nitrici
787 4638 940 4711 decolor
958 4642 1119 4712 maneat

347 4774 537 4831 Pbsmaeopoen.
1200 4777 1213 4829 1
