3725 5400
851 403 1092 477 -348-

447 621 629 695 Coneisas
650 627 687 695 et
706 621 927 696 commixtas
947 643 1069 695 serva.

481 750 541 823 Ad
589 751 819 843 cataplasma
863 748 1074 843 parandum
1111 749 1262 842 Species
1299 749 1340 822 in
1375 749 1569 842 pulverem

374 899 550 970 grossum
569 877 642 969 (III)
660 877 887 970 redigantur.

682 1128 900 1300 Species
939 1129 1250 1264 muratas.

372 1351 446 1446 Rp:
481 1355 614 1426 Raiicis
634 1353 790 1425 tneniiis

481 1482 615 1553 Raiicis
635 1482 836 1553 Petreselini

483 1609 616 1680 Raiicis
636 1609 833 1698 liquiritiae

482 1737 624 1807 Fructus
644 1737 792 1828 lunipcri
1188 1715 1241 1808 aa
1252 1740 1377 1830 pultes
1396 1732 1525 1829 aequal
1561 1790 1569 1807 .

446 1861 627 1934 Concisas
648 1865 684 1933 et
703 1866 882 1934 contusas
902 1861 1018 1936 misce
1038 1867 1075 1934 et
1093 1884 1213 1935 serva.

674 2166 894 2339 Species
932 2169 1277 2325 emollientes,

375 2389 449 2482 Rp:
483 2391 649 2462 luliarum
667 2391 828 2463 Althaeae

219 2549 241 2602 ,ς
405 2509 408 2515 ’
482 2520 699 2591 Foliorumll
721 2520 797 2592 lvse

209 2615 229 2684 ss
365 2619 367 2627 ¹
483 2647 611 2719 licitae
631 2539 771 2847 {efficti
1226 2626 1281 2719 aa
1294 2653 1434 2743 partem
1547 2649 1563 2720 1

483 2776 625 2847 Seminis
708 2777 716 2795 '
1298 2782 1420 2870 partes
1531 2777 1567 2849 l.

448 2900 627 2974 Goncisas
648 2906 684 2975 et
703 2907 883 2975 contusas
902 2901 1019 2975 misce
1040 2907 1077 2975 et
1095 2924 1214 2975 serva.

483 3028 541 3102 Ad
590 3030 820 3123 cataplasma
860 3030 1072 3123 parandum.
1113 3029 1264 3122 Species
1302 3029 1341 3101 in
1377 3028 1570 3123 pulverem

376 3176 552 3246 grossum
573 3153 649 3247 (HI)
669 3155 897 3249 redigantur.

712 3406 932 3601 Species
969 3407 1233 3542 laxantes.

633 3632 796 3736 Species
815 3635 1002 3714 laxantes
1024 3633 1080 3714 St.
1103 3632 1306 3715 Germain.

374 3811 449 3905 Rp:
481 3814 647 3884 luliarum
666 3815 796 3885 Sennea
815 3818 1091 3905 praeparaturum
1312 3820 1434 3907 parts
1517 3813 1569 3885 50

484 3940 618 4012 illerum
636 3942 741 4013 lilius
1308 3946 1434 4035 partes
1518 3939 1568 4012 25

483 4069 625 4141 Fructus
645 4068 816 4141 Fscnlenli
1126 4106 1130 4113 ·
1311 4074 1434 4163 partes
1520 4066 1567 4139 15

484 4196 575 4266 liulii
593 4196 871 4269 nstris-tamarici
1185 4210 1187 4217 ’
1315 4199 1434 4289 partes
1544 4196 1568 4268 6

482 4324 576 4394 Acili
595 4325 750 4396 tartensi
1297 4328 1435 4417 partae·
1529 4323 1567 4395 4.

446 4449 605 4523 Fructus
625 4449 814 4523 Foeniculi
844 4449 992 4523 contusi
1011 4468 1096 4542 cum
1120 4447 1219 4521 kalio
1244 4449 1567 4537 nutrio-tartarim,

377 4578 500 4649 soluto
529 4576 568 4649 in
595 4578 764 4671 partibus
788 4579 836 4649 10
857 4598 977 4671 aquae
1008 4582 1045 4650 et
1072 4579 1201 4669 elapsa
1228 4579 1324 4653 hora
1356 4600 1441 4652 cum
1461 4579 1569 4652 acido
