3725 5400
698 510 942 589 -r55-

224 736 399 826 poratum
426 730 622 804 residuum
648 729 835 822 relinquat
870 728 909 802 in
944 748 1043 822 aqua
1070 725 1220 820 penitus
1250 724 1419 799 solubile.

227 856 369 932 Solutio
389 857 544 930 obtenta
570 877 641 930 nec
668 877 768 950 aqua
790 855 1108 949 hydrosulfurata,
1138 873 1209 926 nec
1229 851 1420 926 ammonia

229 988 266 1059 et
283 983 474 1059 ammonio
495 983 678 1057 sulfurato
699 987 874 1056 mutetur.

336 1111 512 1187 Servetur
529 1110 569 1183 in
587 1131 678 1184 vase
698 1109 836 1203 optime
857 1109 998 1183 clauso.

320 1361 564 1496 Natrium
591 1360 1056 1532 hydrooxydatun
1086 1359 1331 1495 solutum.

574 1569 726 1672 liquor
746 1566 879 1649 Natrii
898 1568 1078 1648 caustioi.

339 1745 480 1839 Liquor
494 1746 648 1821 decolor
669 1746 858 1839 limpidus
869 1744 1070 1819 reactionis
1080 1743 1223 1818 fortiter
1233 1745 1425 1835 alcelinae,

232 1873 410 1966 ponderis
426 1873 590 1967 specifici
607 1873 909 1947 riou-llll.
925 1872 1047 1946 Filum
1069 1872 1276 1967 platineum
1291 1873 1426 1947 eodem

234 2000 494 2075 humectatum
513 2002 706 2074 flammam
726 2002 850 2074 colore
870 1998 1017 2074 intense
1036 1999 1134 2073 ssavo
1154 1999 1280 2074 inficit.

342 2126 385 2200 In
422 2129 497 2201 100
516 2128 686 2222 partibus
716 2127 882 2201 continet
914 2127 1059 2201 circiter
1090 2132 1217 2220 partes
1250 2128 1298 2202 15
1319 2127 1429 2201 natrii

235 2254 518 2348 hydrooxydati

344 2381 514 2456 Natrium
536 2382 866 2476 hydrooxydatum
885 2383 1062 2473 solutum,
1081 2382 1250 2475 partibus
1271 2384 1428 2475 5aquae

238 2507 397 2582 dilutum
425 2514 462 2583 et
480 2509 587 2583 acido
607 2509 738 2583 uitrico
768 2514 1096 2603 supersuturatum
1123 2531 1172 2582 ne
1210 2509 1432 2584 effervescat

239 2634 312 2710 nisi
344 2636 507 2727 minime,
542 2658 667 2729 neque
699 2638 870 2711 turbetur
903 2635 976 2712 nisi
1008 2637 1267 2731 opalescenter
1306 2635 1432 2711 addita

241 2763 426 2838 solutione
445 2764 551 2857 baryi
569 2764 689 2838 uitrici
706 2766 766 2838 vel
781 2764 925 2856 argenti
943 2764 1074 2839 uitrici.

349 2890 573 2964 Centimetra
613 2890 746 2965 cubica
783 2891 806 2963 l
845 2891 962 2964 Natrii
998 2891 1272 2984 hydrooxydati
1308 2891 1432 2980 soluti,

242 3022 525 3111 supersaturata
563 3019 669 3092 acido
708 3019 887 3093 srdfurico
927 3019 1044 3092 diluto
1082 3024 1120 3092 el
1161 3041 1248 3093 cum
1285 3019 1433 3113 aequali

241 3143 430 3219 volumine
459 3144 555 3219 acidi
584 3145 751 3220 smirnici
775 3145 1005 3221 concentrati
1023 3145 1149 3236 mixta,
1179 3167 1227 3219 ne
1257 3146 1431 3235 efficiant,

243 3271 442 3363 superfusa
470 3272 657 3347 solutione
690 3273 778 3346 ferri
806 3273 973 3347 sulfurici
1006 3294 1143 3346 zonam
1174 3271 1434 3347 intermediam

242 3398 399 3472 fuscam.
698 3485 701 3490 Q

353 3524 499 3612 Quodsi
532 3527 750 3601 centimetra
788 3526 920 3600 cubica
954 3528 976 3599 l
1012 3528 1127 3601 Natrii
1162 3526 1437 3621 hydrooxydati

246 3651 369 3742 soluti,
404 3659 686 3744 supersuturata
724 3654 831 3728 acido
866 3655 1057 3745 sulforico,
1098 3655 1225 3730 addita
1256 3677 1354 3748 aqua
1388 3653 1437 3728 ad

246 3779 464 3854 centimetra
497 3780 627 3854 cubica
662 3782 712 3853 id
751 3781 953 3871 diluuntur,
999 3805 1087 3875 pars
1130 3781 1283 3855 dimidia
1322 3781 1437 3854 huius

245 3901 400 4001 liquoris
420 3929 468 3981 ne
487 3912 652 3983 mutetur
671 3909 815 3983 adiecta
849 3931 949 4002 aqua
966 3909 1284 4004 hydrosulfurata‚
1314 3929 1437 4001 neque

247 4055 335 4127 pars
356 4037 480 4128 altera
501 4041 785 4131 supersaturata
813 4037 1003 4111 ammonia
1037 4042 1073 4110 et
1106 4036 1244 4110 diutius
1273 4035 1440 4129 seposita

249 4161 422 4236 exhibeat
438 4163 513 4238 nisi
528 4163 728 4255 vestigium
747 4163 955 4238 sedimenti.

357 4289 574 4364 Grammata
593 4290 615 4363 5
638 4289 752 4364 Natrii
769 4291 1042 4384 hydrooxydati
1057 4291 1169 4366 soluti
1198 4312 1298 4384 aqua
1325 4290 1441 4364 diluta

251 4415 384 4491 additis
413 4418 526 4510 guttis
554 4399 745 4492 nonnullis
779 4415 977 4492 solutionis
1005 4416 1326 4513 phenolphtaleini
1354 4436 1441 4491 con·

251 4548 414 4634 sumant,
438 4550 482 4620 ut
499 4550 635 4620 neutra
662 4545 834 4634 evadant,
857 4545 1075 4620 centimelra
1094 4544 1226 4619 cubica
1248 4543 1441 4620 rea-19

252 4669 348 4746 acidi
365 4671 646 4764 hydrochlorici·
659 4671 849 4758 nonnulis.
