3725 5400
883 450 1127 524 -010-
1266 417 1269 423 '

513 667 654 761 Liquor
696 668 833 742 coloris
878 667 1044 758 olivacei‚
1080 669 1228 761 saporis
1255 667 1318 741 vix
1350 667 1602 758 amariusculi‚

404 795 583 890 ponderis
599 795 765 889 specifici
779 795 924 869 circiter
938 796 1071 869 0901.
1084 794 1283 869 Contineat
1297 795 1604 886 centigrammata

405 924 477 998 tria
496 925 549 1016 (3)
570 923 840 998 alcaloidorum
859 923 1096 1018 propriorum
1115 923 1155 997 in
1174 923 1353 1017 grammis
1378 924 1465 997 100.

516 1051 733 1125 Grammata
757 1053 804 1125 10
824 1051 1024 1125 Tincturae
1051 1051 1090 1125 in
1109 1052 1245 1125 balneo
1274 1072 1396 1144 aquae
1425 1050 1474 1124 ad
1499 1049 1602 1123 dimi-

406 1177 509 1250 dium
529 1183 743 1272 evaporata,
764 1183 846 1251 tum
861 1200 949 1252 cum
964 1178 1102 1272 duplici
1120 1178 1327 1272 quantitate
1347 1199 1468 1271 aquae
1489 1177 1605 1250 diluta

406 1309 444 1379 et
462 1306 1302 1400 11111010011011οεεο01110101011010.801011000
1318 1308 1605 1383 chloroiormica
1703 1337 1706 1341 ’

408 1438 609 1526 evaporata
654 1439 848 1508 remancat
893 1435 1100 1525 residuum,
1149 1436 1253 1529 quod
1294 1435 1334 1510 10
1380 1436 1604 1536 centimetris

409 1560 550 1634 cubicis
573 1563 622 1635 10
642 1584 763 1655 aquae
782 1561 946 1636 fervidae
965 1564 1132 1636 solutum
1161 1569 1197 1637 et
1216 1564 1393 1637 filtratum
1421 1564 1605 1656 liquorem

408 1690 598 1781 praebeat,
639 1688 703 1782 qui
740 1689 885 1764 adiecta
918 1695 1022 1782 gutta
1055 1690 1268 1764 ammoniae
1305 1691 1606 1766 fluorescentiam

410 1818 519 1891 valde
571 1817 810 1911 perspicuam
865 1817 1002 1891 coloris
1050 1840 1071 1892 e
1127 1820 1298 1893 caeruleo
1349 1817 1606 1892 viridescentis

409 1944 597 2018 exhibeat.

516 2072 576 2145 Ad
615 2071 939 2146 determinandam
977 2057 1224 2166 ouantimtem
1263 2071 1531 2146 alcaloidorum
1567 2071 1607 2145 in

410 2198 590 2271 Tinctura
628 2203 891 2272 contentorum
929 2220 1095 2293 evapora
1128 2202 1336 2292 grammata
1379 2198 1452 2270 100
1491 2197 1609 2271 diluta

411 2344 499 2397 cum
518 2325 697 2416 grammis
729 2325 779 2397 30
799 2345 920 2418 aquae
940 2324 980 2397 10
998 2324 1127 2419 patina
1150 2324 1389 2418 porcellanea
1413 2323 1461 2396 ad
1490 2344 1609 2416 quari·

410 2451 553 2524 litatem
582 2451 725 2525 circiter
744 2457 995 2544 grammatum
1015 2452 1066 2525 00
1097 2456 1134 2525 et
1160 2451 1258 2526 filtra
1287 2456 1459 2525 accurate
1487 2450 1527 2523 in
1554 2449 1608 2523 in·

410 2577 650 2651 fundibulum
679 2579 964 2672 separatorium.
999 2578 1145 2652 Additis
1166 2577 1391 2652 centimetris
1420 2577 1605 2652 0111110100

410 2704 520 2780 natn'i
549 2706 736 2781 carbonici
761 2706 874 2782 soluti
897 2708 1024 2800 (1=l)
1039 2728 1229 2801 exquassa
1248 2729 1335 2781 cum
1354 2705 1608 2779 chloroformii

412 2833 639 2908 centimetris
655 2834 796 2909 cubicis
813 2835 875 2925 00,
896 2839 978 2909 tum
996 2836 1055 2927 10,
1076 2835 1164 2908 dein
1179 2834 1215 2908 5.
1232 2834 1446 2909 Solutiones
1462 2833 1607 2908 chloro·

410 2961 587 3036 formicas
617 2963 792 3036 collectas
821 2984 1013 3056 exquassa
1036 2962 1161 3036 denuo
1189 2961 1333 3036 vicibus
1362 2961 1607 3057 sequentibus

412 3089 582 3180 0011100,
608 3091 656 3164 10
677 3095 714 3164 et
738 3090 760 3163 5
787 3090 1013 3165 centimetris
1034 3089 1174 3164 cubicis
1199 3111 1319 3183 aquae
1344 3089 1452 3164 acido
1471 3089 1607 3184 hydro·

413 3216 578 3291 chlorico
603 3216 820 3291 acidulatae.
842 3217 1056 3291 solutiones
1076 3239 1242 3311 aquosas
1266 3217 1394 3292 acidas
1419 3217 1607 3306 collectas

413 3344 600 3417 solutione
646 3344 756 3418 natrii
799 3344 988 3419 carbonici
1030 3344 1209 3419 alcalinas
1256 3345 1376 3419 iactas
1420 3365 1609 3438 exquassa

412 3472 528 3546 ternis
552 3472 696 3546 vicibus
725 3494 813 3546 cum
841 3472 1067 3547 centimetris
1098 3471 1238 3547 cubicis
1267 3474 1315 3546 10
1345 3471 1608 3547 chloroformii.

414 3598 648 3674 Solutionem
690 3599 1017 3675 cbloroformicam
1057 3600 1187 3692 ingere
1224 3599 1263 3672 10
1303 3599 1519 3693 lagenulam
1560 3599 1610 3673 ad
1730 3683 1732 3686 Α

412 3726 552 3801 trutina
588 3726 881 3801 examinandum
918 3731 1055 3821 aptam,
1089 3727 1186 3801 collo
1224 3728 1350 3822 amplo
1387 3727 1610 3802 instructam

413 3855 493 3928 noti
510 3854 690 3948 ponderis
706 3860 743 3928 et
757 3876 921 3949 evapora
937 3854 1257 3956 chloroformium
1276 3853 1509 3948 Lagenulam
1523 3877 1609 3929 cum

413 3982 566 4056 residuo
587 3983 800 4076 crystallino
824 3984 902 4057 tere
920 3984 1084 4078 perfecte
1113 3982 1200 4056 albo
1230 3982 1330 4058 sicca
1357 3988 1610 4078 temperatura

417 4111 517 4184 100⁰
554 4115 592 4184 et
617 4110 872 4203 refrigeratam
904 4112 943 4185 in
977 4115 1160 4207 apparatu
1193 4111 1439 4185 exsiccatorio
1471 4110 1612 4185 trutina

415 4239 597 4312 examina.
619 4238 775 4312 Pondus
793 4239 936 4313 residui
954 4240 1004 4314 sit
1022 4238 1373 4331 centigrammatum
1393 4241 1428 4313 3.
