3725 5400
740 472 977 543 -187-

369 690 518 763 Struma
536 690 660 764 sterile
678 690 784 782 fungi
811 689 851 762 in
878 690 1033 763 floribus
1053 691 1264 783 gramineis,
1283 713 1455 785 praeser-

260 806 326 890 tim
347 814 477 889 Suculis
496 816 638 889 cerealis
658 814 724 915 (L.)
749 837 924 890 nascens,

367 942 472 1020 Merx
491 944 588 1018 sistit
605 945 726 1018 beista
754 945 887 1020 obtuse
911 945 1059 1037 trigona
1081 950 1184 1019 recta
1207 950 1273 1019 aut
1290 951 1455 1036 arcuata,

259 1070 435 1164 utrinque
457 1075 658 1171 attenuata,
680 1072 839 1146 15-x5
854 1073 1066 1146 millimetra
1083 1075 1207 1165 longa,
1226 1074 1332 1146 3-5
1354 1074 1457 1147 milli·

260 1203 380 1272 metra
416 1219 556 1287 crassa,
590 1203 698 1273 extus
737 1220 757 1272 e
799 1200 965 1273 violaceo
1008 1200 1237 1291 nigricantia,
1289 1206 1459 1275 recenter

262 1326 417 1400 collecta
425 1327 616 1420 pruinosa,
627 1327 728 1400 intus
738 1327 864 1400 albida
872 1331 938 1400 aut
946 1328 1114 1420 paullum
1128 1328 1458 1418 rubella,lractura

252 1453 392 1544 solida,
435 1454 573 1546 fungos
629 1455 846 1543 redolentia,
880 1455 1028 1549 saporis
1065 1455 1187 1549 primo
1224 1455 1456 1547 dulciusculi,

261 1579 348 1654 dein
367 1581 548 1654 subacris

370 1707 498 1781 Secale
509 1714 720 1798 cornutum,
733 1731 804 1803 ope
819 1710 1057 1804 microscopii
1070 1709 1304 1803 exploratum
1319 1732 1365 1783 ex
1377 1715 1457 1784 toto

260 1833 412 1908 exhibet
428 1835 832 1929 pseudoparenchyma
846 1858 892 1909 ex
907 1836 1043 1929 hyphis
1058 1836 1235 1910 brevibus
1249 1836 1457 1930 irregulari·

261 1962 346 2051 bus,
384 1961 424 2035 in
453 1962 618 2036 sectione
657 1963 783 2055 quoad
811 1962 973 2036 formam
1010 1967 1047 2037 et
1082 1963 1379 2054 magnitudinem
1403 1965 1457 2038 in·

262 2089 482 2182 aequalibus
506 2090 727 2182 plerumque
752 2091 920 2163 obsolete
940 2090 1127 2181 angulatis
1152 2093 1218 2163 aut
1234 2090 1455 2165 rotundatis.

261 2213 418 2309 Hyphae
433 2215 472 2288 in
486 2216 612 2288 stratis
632 2215 777 2289 extimis
797 2216 988 2288 stromatis
1009 2216 1103 2289 etin
1122 2218 1344 2291 membrana
1364 2222 1401 2291 et
1418 2218 1458 2292 in

263 2346 440 2414 contento
463 2342 654 2435 pigmento
688 2343 816 2430 rubro,
856 2341 964 2415 acido
998 2342 1176 2416 sullnrico
1211 2345 1336 2417 colore
1370 2365 1457 2418 san·

262 2468 408 2560 gumen,
455 2470 641 2544 solutione
684 2470 770 2543 kalii
805 2470 1081 2564 hydrooxydati
1118 2471 1243 2544 colore
1288 2472 1455 2545 violaceo

262 2596 410 2669 solubili
427 2596 633 2671 instructae
652 2602 750 2671 sunt

369 2724 496 2797 Pulvis
515 2726 636 2818 Fungi
673 2725 811 2799 Secalis
850 2727 1098 2816 subcarnrm,
1125 2727 1249 2819 amylo
1288 2748 1334 2801 ex
1378 2731 1458 2800 toto

261 2872 405 2939 carena,
425 2853 584 2946 pinguis,
614 2852 853 2927 humectatus
874 2854 1060 2927 solutione
1081 2854 1167 2926 kalii
1184 2853 1458 2947 hydronxydati

262 2979 419 3053 odorem
437 3000 671 3053 nauseosum
684 2980 988 3074 trimethylamini
1007 2982 1159 3074 spargit.

370 3106 498 3181 Pulvis
530 3128 579 3181 ne
618 3107 667 3182 sit
697 3113 860 3202 praesta,
900 3110 969 3182 sed
1007 3130 1053 3181 ex
1095 3113 1263 3202 tempore
1300 3112 1460 3201 paretur.

270 3235 345 3307 100
384 3234 465 3308 eius
503 3240 629 3327 partes
668 3256 716 3309 ne
749 3236 875 3309 minus
904 3257 1020 3328 quarn
1057 3241 1183 3329 partes
1221 3236 1269 3309 15
1309 3234 1462 3309 extracti

265 3361 620 3456 aquoso-spirituosi
649 3363 863 3456 praebeant
892 3363 1034 3439 Eadem
1054 3363 1243 3457 quantitas
1263 3364 1462 3436 combusta

265 3511 314 3563 ne
332 3492 419 3584 plus
448 3510 562 3582 quam
592 3495 719 3584 partes
745 3490 924 3564 5ciner1s
943 3491 1139 3583 relinquat.

372 3616 529 3709 lungus
568 3616 708 3691 Seealis
742 3616 881 3710 optime
915 3617 1077 3691 siccatus
1110 3617 1150 3690 in
1181 3616 1284 3689 vitris
1323 3614 1462 3708 optime

164 3779 171 3794 ·
266 3743 404 3816 clausis
428 3751 476 3816 ne
500 3743 598 3817 ultra
622 3765 765 3817 annum
788 3748 967 3818 servetur.
986 3744 1090 3817 Merx
1109 3764 1274 3831 corrosa,
1295 3741 1461 3828 rancida,

267 3870 423 3943 odorem
443 3870 754 3944 ammoniacalem
774 3892 961 3964 spargens
980 3871 1176 3944 reficiatur.

767 4156 965 4290 Gallae.

375 4378 656 4451 Excrescentiae
721 4379 760 4450 in
824 4377 978 4450 ramulis
1044 4376 1197 4469 Quercus
1261 4372 1465 4468 infectoricc

268 4503 439 4604 (Olivicr)
486 4505 706 4599 praeprimis
753 4506 791 4578 in
831 4504 938 4597 Syria
985 4509 1021 4578 et
1057 4502 1150 4577 Asia
1181 4504 1338 4590 minore,
1389 4502 1466 4574 ictu

274 4631 420 4729 Cyaneis
444 4629 571 4705 Gallae
598 4633 780 4705 tinctoriae
807 4631 982 4730 (Olivier)
1013 4631 1125 4705 laesis
1159 4635 1359 4703 nascentes
1389 4630 1466 4719 glo·
