3725 5400
755 472 996 544 -361-

766 686 980 861 Syiupi.

383 943 443 1018 Ad
476 968 639 1041 syrupos
679 946 936 1022 conficiendos
975 946 1201 1020 saccharum
1239 944 1473 1020 albissimum

278 1093 411 1165 grosse
438 1073 683 1167 pulveralum,
711 1074 784 1148 nisi
812 1074 918 1147 aliter
947 1073 1169 1163 decernibus,
1196 1072 1235 1146 in
1269 1073 1474 1167 quantitate

274 1199 505 1294 praescripta
531 1199 687 1293 liquoris
715 1200 1027 1275 medicamenlosi
1054 1200 1180 1275 filuati
1206 1200 1318 1275 unica
1342 1199 1470 1274 ebulli-

273 1326 374 1401 tione
403 1327 568 1401 solvitur.
605 1328 797 1402 Interdum
826 1328 963 1402 solulio
995 1326 1166 1402 sacchari
1194 1326 1352 1401 efficitur
1378 1334 1471 1402 tem·

201 1503 205 1510 .
274 1459 452 1550 peralura
466 1453 655 1529 ordinaria
670 1462 735 1530 aut
748 1461 1001 1551 temperatura
1014 1454 1139 1529 balnei
1153 1475 1285 1548 aquae.
1302 1455 1472 1549 Syrupus

275 1603 319 1655 eo
339 1582 454 1656 modo
475 1588 609 1657 enatus
630 1584 774 1657 colatur
794 1590 859 1657 aul
877 1584 1046 1657 filtratur.

383 1708 519 1803 Sympi
546 1714 743 1784 serventur
770 1710 809 1783 in
836 1710 980 1802 lagenis
1009 1710 1146 1803 parvis
1178 1716 1365 1809 quantum
1392 1709 1473 1783 fieri

273 1834 656 1930 poteslslerilefactis
670 1837 808 1931 optime
820 1837 1003 1911 obturalis
1012 1837 1052 1909 in
1060 1837 1144 1911 loco
1156 1836 1289 1929 frigido
1305 1842 1343 1911 et
1357 1836 1471 1911 sicco.

384 1963 530 2058 Sympi,
562 1971 736 2058 exemplo
766 1985 907 2059 synupo
938 1963 1176 2058 amygdalino
1215 1963 1291 2037 sint
1316 1964 1471 2058 limpidi,

274 2091 422 2186 saporis
442 2091 649 2165 dulcissimi
666 2114 745 2166 una
765 2113 852 2166 cum
871 2114 1007 2187 sapore
1026 2090 1285 2166 medicaminis
1306 2090 1471 2180 adhibiti,

273 2218 453 2313 pondecis
473 2217 638 2311 specifici
662 2219 910 2292 luo-loa.

382 2346 529 2436 Quodsi
548 2351 757 2439 grammata
775 2345 828 2419 20
848 2346 996 2440 Sympl,
1021 2346 1060 2418 in
1090 2346 1237 2439 aequali
1266 2346 1472 2439 quantitate

273 2495 394 2566 aquae
414 2474 540 2548 soluta
555 2479 592 2547 et
606 2494 692 2548 cum
707 2473 814 2547 acido
829 2473 1085 2568 phosphorico
1106 2474 1293 2547 acidmata
1321 2472 1471 2547 duobus

272 2599 416 2675 vicibus
453 2621 540 2674 cum
568 2599 794 2673 centimeuis
828 2599 968 2673 cubicis
999 2600 1049 2673 20
1084 2600 1246 2674 aetheris
1266 2620 1471 2694 exquassa-

271 2729 382 2818 veriS,
403 2728 598 2803 residuum
612 2727 810 2802 solutionis
831 2728 1030 2802 aethereae
1051 2734 1274 2823 evaporatae
1302 2728 1343 2802 iu
1357 2729 1469 2802 centi-

271 2856 400 2931 melris
430 2855 570 2931 cubicis
602 2857 651 2928 10
680 2876 802 2948 aquae
830 2855 994 2929 fervidae
1022 2857 1188 2931 solutum
1213 2876 1261 2929 ne
1296 2855 1470 2930 exhibeat

272 3003 449 3075 saporem
468 2980 617 3055 dulcem
641 3003 767 3079 neque
787 2981 932 3056 adiecta
952 2987 1057 3076 gulia
1075 2983 1163 3057 ferri
1182 2983 1469 3077 sesquichlorali

271 3090 385 3183 soluti
404 3110 568 3183 colorem
586 3108 806 3183 violaceum.

587 3464 828 3639 syropus
864 3467 1144 3606 Althaeae.

268 3688 345 3782 Rp:
377 3690 511 3762 Rullus
530 3690 694 3762 Althaeae
714 3710 815 3782 aqua
834 3689 1009 3772 elutaell)
1195 3697 1320 3786 parles
1439 3695 1466 3765 4

376 3819 488 3906 Aquae
1193 3822 1319 3913 partes
1402 3820 1465 3892 60.

335 3940 494 4029 Macera,
524 3940 676 4035 saepius
705 3941 881 4033 agitando
905 3963 974 4036 per
997 3941 1202 4028 bibonum:
1227 3949 1308 4018 tum
1328 3946 1412 4020 cola
1431 3952 1469 4020 et

266 4068 375 4142 filua.
405 4067 448 4141 lu
466 4068 592 4141 filuati
1160 4069 1330 4168 partibus
1417 4074 1465 4145 10

268 4290 272 4299 ¹
338 4196 442 4268 solve

376 4324 535 4396 saeclum
1204 4332 1329 4422 partes
1416 4328 1464 4400 16

335 4456 372 4524 et
391 4470 519 4554 coque
531 4448 571 4522 in
591 4470 783 4544 sympum.

375 4576 429 4650 Sil
448 4575 583 4649 coloris
603 4578 807 4651 straminei.
