3725 5400
707 503 949 575 -3u1-

231 716 280 788 ad
315 716 364 789 32
398 717 519 791 rarius
555 719 602 792 ad
635 720 1201 816 45micronnnmetra10ngis;
1231 727 1424 817 permultis

230 842 397 917 utriculis
427 845 511 919 oleo
536 846 711 920 aethereo
741 853 807 921 aut
838 870 968 923 massa
1003 850 1177 925 resinosa
1210 852 1339 925 citrina
1367 854 1427 927 vel

228 969 338 1043 fusca
369 973 519 1065 repletis
545 977 582 1046 et
603 973 792 1048 fasciculis
811 998 992 1050 vasorum
1021 978 1295 1054 collateralibus
1322 979 1424 1054 vasis

228 1096 362 1189 amplis
397 1099 604 1174 scalaribus
639 1107 676 1174 et
694 1103 1054 1193 scalari-reticulatis,
1074 1105 1258 1181 comitatis
1283 1107 1425 1182 cellulis

227 1222 417 1316 pigmento
438 1228 617 1302 flavo-aut
639 1229 878 1305 rubro-disco
896 1231 982 1305 fetis
1003 1236 1040 1306 et
1056 1230 1160 1306 fibris
1179 1232 1263 1307 libri
1295 1238 1355 1308 sat
1372 1234 1425 1307 in·

228 1352 415 1444 crassatis,
434 1355 587 1449 saepius
607 1357 775 1449 septaris.

338 1480 414 1553 100
434 1487 560 1574 partes
581 1483 714 1556 mercis
747 1505 796 1558 ne
819 1485 905 1577 plus
940 1506 1055 1578 quam
1086 1491 1213 1580 partes
1246 1487 1422 1563 5cineris

225 1606 447 1700 relinquant.

595 1900 795 2034 Resina
831 1901 1057 2036 Benace.

333 2121 489 2195 Generis
512 2119 672 2218 Styracis
691 2122 837 2216 species
857 2124 1026 2212 arborea,
1047 2145 1206 2216 regnum
1226 2125 1420 2201 Siamense

222 2247 449 2337 inhabitans
470 2270 549 2322 non
569 2250 660 2323 satis
680 2254 780 2323 nota.

332 2375 476 2450 Succus
500 2376 696 2452 resinosus
730 2383 865 2471 sponte
897 2380 958 2453 rel
985 2379 1084 2453 facta
1117 2379 1261 2454 arboris
1290 2382 1418 2455 vulne·

221 2501 365 2576 ratione
385 2505 575 2596 profunda
594 2506 764 2596 effluens,
786 2514 872 2580 aere
892 2507 1103 2580 induratus

329 2629 433 2705 Mcrx
466 2631 563 2707 sistit
595 2634 817 2732 plerumque
851 2655 970 2727 grana
996 2634 1110 2728 plana
1138 2639 1203 2709 aut
1230 2635 1416 2729 subplana
1534 2720 1549 2739 ,

223 2758 628 2852 rotundato-anginam,
651 2762 778 2855 quoad
792 2762 1089 2854 magnitudinem
1107 2761 1327 2855 inaequalia,
1347 2764 1415 2837 sed

222 2888 443 2980 plerumque
468 2889 659 2983 ampliora,
683 2910 806 2982 usque
831 2890 879 2962 ad
903 2890 1086 2962 nonnulla
1105 2888 1324 2963 centimetra
1340 2891 1416 2963 lata

222 3014 369 3089 resinae
390 3016 544 3107 solidae,
567 3018 799 3091 extrinsecus
819 3017 956 3090 coloris
981 3038 1001 3090 e
1025 3016 1162 3089 ssavido
1180 3018 1240 3091 vel
1260 3038 1280 3090 e
1299 3016 1414 3090 rubro

221 3142 330 3232 fusci,
373 3144 526 3236 fragilis,
573 3144 613 3218 in
649 3146 814 3218 fractura
850 3147 1000 3218 recente
1039 3143 1224 3216 conchata
1259 3144 1412 3231 lacteae,

221 3272 406 3364 pinguiter
439 3276 505 3346 aut
537 3294 644 3346 cerae
672 3272 791 3345 instar
823 3271 987 3359 nitentis
1021 3260 1213 3365 pulvc‘rcm
1238 3270 1413 3343 eflavido

221 3401 348 3473 album
362 3399 587 3494 praebentis.
615 3399 810 3473 Masticata
826 3398 980 3487 Resina‚
1001 3399 1079 3471 fere
1100 3397 1246 3490 saporis
1267 3419 1412 3492 cxperS,

221 3526 398 3601 dentibus
419 3528 608 3601 adhaeret.

329 3656 516 3731 Calefacta
542 3656 582 3730 in
610 3655 745 3728 balneo
774 3673 895 3746 aquae
921 3650 1066 3724 Resina
1093 3651 1250 3724 odorem
1282 3652 1411 3742 gratis·

219 3784 357 3857 simum
384 3785 630 3858 vanillaceum
659 3781 814 3875 spargit;
848 3778 968 3871 magis
1003 3779 1181 3851 calefacta
1213 3778 1253 3851 in
1280 3778 1411 3852 tubulo

217 3912 431 4005 probatorio
450 3933 611 4006 vapores
630 3913 840 4003 pungentes
861 3906 1000 3996 emittit
1028 3905 1092 3999 qui
1119 3904 1158 3978 in
1176 3909 1281 3999 parte
1301 3925 1410 3999 supe·

217 4040 314 4114 riore
338 4041 458 4114 tubuli
487 4039 682 4131 crystallos
711 4037 915 4111 acicularcs
948 4035 1082 4126 longas
1116 4032 1212 4106 acidi
1241 4032 1412 4106 benzoici

218 4170 424 4261 deponunt.
454 4167 497 4240 ln
512 4166 644 4260 spiritu
657 4165 731 4237 vini
747 4186 793 4238 ex
807 4168 886 4236 toto
904 4162 965 4235 rel
982 4161 1062 4235 fere
1078 4182 1124 4234 cx
1141 4165 1221 4233 toto
1242 4160 1408 4233 solvitur.

217 4294 360 4369 Solutic
380 4294 516 4367 filtrata
534 4292 688 4387 limpida
719 4292 942 4377 flavescens,
963 4285 1090 4362 addita
1108 4307 1208 4380 aqua
1226 4286 1409 4379 liquorem

216 4422 419 4512 turbidum,
454 4425 616 4496 lacteum
635 4419 833 4494 reactionis
854 4418 983 4492 acidae
1004 4416 1127 4491 efficit.

325 4551 522 4643 Quantitas
556 4550 690 4641 exigua
712 4548 876 4641 pulveris
894 4545 1071 4635 Resinae,
1107 4565 1194 4617 cum
1222 4540 1408 4617 solutione

214 4680 299 4753 kalii
318 4677 650 4773 bypermanganici
670 4676 709 4767 (l
729 4706 777 4739 =
798 4675 888 4765 100)
908 4672 1088 4746 calefacta
1105 4691 1153 4744 ne
1173 4672 1336 4762 spargat,
1371 4671 1408 4739 et

267 4838 456 4894 Pbtrmaccpoca.
1155 4810 1187 4864 Ἡ
1215 4854 1217 4857 ’
1248 4863 1254 4876 =
1286 4850 1289 4867 ¹
