3725 5400
944 508 1179 581 -196-

538 721 1162 836 &unanimem
1212 719 1584 864 onophor-

911 886 1181 998 Mum.

914 1056 1204 1161 Euphorbium

570 1215 779 1314 Euphorbio
796 1216 984 1311 resinifero
1001 1215 1122 1308 Berg,
1145 1216 1275 1309 planta
1296 1216 1336 1290 in
1355 1217 1481 1291 Africa
1498 1219 1656 1293 boreali-

462 1345 682 1420 occidentali
700 1344 886 1437 indigena

569 1472 713 1549 succus
739 1473 883 1546 lacteus
921 1478 1009 1545 aere
1037 1470 1237 1544 induratus
1268 1471 1366 1543 sistit
1395 1471 1654 1547 collectionem

457 1600 704 1675 frustulorum
722 1619 873 1673 massae
892 1596 1031 1687 aridae,
1052 1618 1220 1691 asperae,
1247 1580 1542 1693 subdiaphanae,
1569 1621 1647 1676 sor·

462 1728 547 1802 dide
581 1729 784 1817 subflavae,
814 1725 980 1815 friabilis,
1014 1746 1112 1818 quae
1139 1725 1274 1818 partim
1307 1726 1484 1800 exhibent
1512 1727 1655 1805 formas

461 1856 684 1948 singulares:
703 1853 1058 1947 globoso-trigonus
1093 1872 1217 1942 cavas,
1244 1873 1323 1926 uon
1351 1874 1437 1927 raro
1466 1854 1654 1948 spinulam

460 1982 641 2057 bifurcam
686 1981 934 2071 includentes
973 1985 1038 2054 aut
1075 1979 1478 2073 cylindrato-olavatus,
1517 1985 1653 2077 partim

458 2111 618 2185 laminas
650 2115 784 2185 tenues
816 2113 1032 2182 enrstaoeas
1059 2107 1280 2181 intermixtis
1311 2108 1470 2183 diversis
1499 2111 1649 2204 plantae

459 2238 627 2332 partibus
647 2243 684 2312 et
701 2236 929 2330 fragmentis,
952 2256 1049 2328 quae
1069 2240 1156 2308 ante
1175 2234 1445 2310 adhibitionem
1464 2246 1648 2330 quantum

459 2365 539 2439 fieri
557 2370 683 2459 potest
701 2363 914 2439 amovenda
930 2367 1028 2436 sunt

565 2492 836 2587 Euphorbium,
865 2491 905 2563 in
934 2510 1035 2584 aqua
1060 2509 1184 2583 parce,
1215 2489 1255 2561 in
1283 2489 1416 2582 spiritu
1442 2492 1519 2566 vini
1548 2499 1585 2568 et
1610 2496 1650 2570 in

458 2621 608 2694 aethere
631 2619 767 2714 partim
794 2618 965 2707 solubile,
996 2621 1054 2690 est
1081 2615 1228 2710 saporis
1256 2616 1419 2711 primum
1447 2621 1649 2714 perexigui,

458 2748 594 2822 deinde
649 2747 830 2837 acerrimi,
879 2745 1047 2833 caustici;
1095 2746 1330 2839 pulveratum
1379 2751 1652 2825 stemutamen-

457 2880 537 2949 tum
563 2874 938 2950 vehementissimum
966 2872 1111 2960 excitat,
1141 2878 1370 2966 quapropter
1397 2875 1519 2967 pulvis
1543 2883 1651 2953 caute

482 3002 660 3077 arandus.

455 3024 480 3097 p
563 3129 694 3204 Partes
717 3130 793 3204 100
812 3127 1019 3222 Euphorbii
1038 3128 1169 3221 spiritu
1187 3127 1264 3200 vini
1282 3130 1444 3221 perfecte
1464 3135 1649 3206 extractae

455 3279 502 3332 ne
548 3258 634 3352 plus
681 3278 796 3350 quam
841 3261 968 3350 partes
1017 3257 1068 3328 50
1114 3254 1254 3328 residui
1302 3254 1481 3345 efficiant;
1515 3258 1648 3332 eadem

453 3385 643 3477 quantitas
685 3384 884 3457 combusta
915 3403 964 3456 ne
1001 3383 1087 3475 plus
1118 3403 1233 3475 quam
1274 3386 1401 3475 partes
1434 3384 1483 3457 10
1512 3383 1647 3460 cineris

453 3512 647 3605 relinquat

692 3796 1079 3936 ilunniresina
1110 3795 1420 3934 Galbanum.

926 4004 1167 4088 Galbanum.

557 4166 709 4240 Ferulae
727 4167 873 4260 species
900 4167 941 4240 in
964 4165 1093 4240 Persia
1122 4166 1415 4261 septemtrionali
1443 4174 1645 4243 nascentes

449 4302 490 4369 ut
504 4293 637 4367 Ferulo
647 4290 869 4389 polbonifloo
886 4294 1087 4368 Boissier
1106 4298 1143 4366 et
1160 4293 1308 4367 Buhse
1328 4298 1365 4367 et
1383 4292 1516 4367 Ferulo
1529 4291 1644 4366 mort

449 4422 561 4495 caulis
580 4420 787 4496 Boissier.

555 4549 704 4623 Prostat
729 4549 769 4622 in
797 4550 923 4643 granis
953 4548 1123 4623 diseretis
1147 4549 1218 4643 pisi
1246 4549 1306 4623 vel
1329 4547 1438 4623 nucis
1456 4547 1643 4642 iuglandis

447 4675 714 4772 magnitudine,
753 4677 1008 4770 subglobosis,
1048 4681 1156 4750 extus
1190 4676 1325 4750 eoloris
1363 4677 1510 4750 essavo
1535 4677 1643 4751 vele
