3725 5400
921 421 1166 493 -306-

681 635 980 750 llam
1015 638 1404 773 lateam.

871 826 1032 907 rubera
1051 824 1227 929 mapa

552 1020 775 1118 &apartium
806 1020 931 1117 Purpa
961 1020 1193 1110 Bentham,
1230 1021 1361 1115 planta
1386 1019 1565 1115 perennis
1599 1020 1640 1094 in

443 1149 635 1223 montibus
655 1147 856 1222 llexicanis
876 1153 1100 1242 spontanea.

551 1277 713 1351 Radices
750 1276 952 1350 tuberosae
994 1275 1263 1368 subglobosae,
1301 1276 1525 1370 piriiormes,
1564 1279 1640 1348 tur·

442 1404 603 1494 binatae,
624 1403 809 1495 oblongae
823 1404 882 1476 vel
902 1401 1301 1495 oblongofusiformes
1319 1403 1427 1476 nucis
1446 1401 1639 1495 Iuglandis

443 1553 566 1625 usque
585 1532 703 1625 pugni
722 1530 989 1624 magnitudine,
1007 1530 1184 1623 integrae,
1202 1529 1343 1605 incisae
1361 1532 1420 1604 vel
1444 1530 1640 1617 dissectae,

444 1659 607 1733 siccatae
658 1661 876 1751 compactae
925 1657 1053 1748 durae,
1102 1657 1353 1751 ponderosae,
1404 1657 1638 1730 extrinsecus

442 1785 759 1878 longitudinaliter
799 1784 1231 1878 rimoso-tamenculatae
1278 1789 1346 1858 aut
1390 1783 1640 1876 irregulariter

443 1912 829 2004 reticulatomgosae,
860 1911 1022 1986 obscure
1040 1911 1171 1985 fuscae
1200 1911 1311 2004 quasi
1337 1912 1520 2000 fumosae,
1544 1910 1642 1983 inter

345 2113 348 2124 ,
442 2059 557 2132 rugas
573 2038 799 2131 nigricantes
814 2037 1178 2127 resinosa-nitentes,
1198 2039 1422 2135 plenamque
1436 2038 1641 2111 instructae

442 2165 635 2240 lenticellis
672 2164 975 2239 transversaliter
1001 2165 1184 2259 porrectis
1218 2165 1354 2238 coloris
1382 2165 1496 2238 dilute
1528 2164 1638 2253 fusci,

443 2294 609 2367 fractura
627 2291 887 2365 subconchata
905 2313 1031 2384 neque
1050 2292 1191 2365 librosa
1209 2313 1333 2384 neque
1351 2290 1512 2383 lignosa.

554 2419 677 2493 Sectio
697 2424 925 2509 transversa,
958 2419 1085 2493 colore
1114 2440 1161 2492 ex
1193 2418 1316 2492 albido
1336 2418 1461 2511 griseo
1489 2417 1640 2492 exhibet

443 2546 622 2620 corticem
641 2549 856 2638 angustum,
876 2546 1019 2619 annulo
1047 2545 1220 2619 resinoso
1241 2550 1458 2639 separatum
1486 2567 1510 2618 a
1536 2544 1638 2639 ligno

443 2672 675 2767 amplissimo
696 2672 801 2747 zonis
821 2673 1066 2747 concentricis
1089 2673 1201 2767 pullis
1221 2694 1241 2746 e
1263 2673 1403 2747 cellulis
1422 2673 1637 2763 resiniferis,

441 2801 481 2874 in
503 2800 694 2874 radicibus
722 2800 967 2874 validioribus
1000 2802 1127 2874 solum
1157 2800 1198 2874 in
1231 2806 1399 2875 extrema
1433 2806 1539 2895 parte
1576 2801 1637 2874 his

441 2928 547 3001 zonis
572 2927 766 3017 instructa,
789 2927 925 3001 deinde
944 2928 1054 3001 lineis
1073 2928 1250 3001 brevibus
1282 2928 1455 3019 arcuatis,
1485 2928 1646 3022 punctis.

444 3059 482 3128 et
500 3055 658 3129 maculis
677 3053 789 3148 pullis
809 3054 958 3148 signata
977 3055 1275 3129 submarmorea

551 3180 689 3255 Odoris
715 3187 773 3255 est
790 3181 915 3256 Radix
930 3182 1077 3276 lalapae
1096 3182 1296 3276 peculiaris
1316 3182 1460 3274 debilis,
1491 3181 1638 3277 saporis

440 3308 544 3383 initio
579 3308 801 3382 dulciusculi
828 3308 1022 3400 nauseosi,
1058 3308 1192 3384 deinde
1226 3310 1323 3383 acris
1361 3310 1532 3384 faucibus
1575 3310 1639 3383 diu

440 3436 642 3510 haerentis.

550 3562 631 3656 Ope
662 3563 901 3659 microscopii
934 3567 1126 3659 explorata
1152 3565 1274 3639 Radix
1308 3565 1460 3639 exhibet
1495 3565 1639 3658 lignum

441 3691 695 3784 compositum
728 3691 891 3765 maxima
919 3715 966 3766 ex
994 3696 1100 3785 parte
1133 3692 1485 3786 eparenchymate,
1514 3694 1638 3786 amylo

440 3818 651 3912 composito
668 3840 813 3911 gross0,
828 3821 963 3913 partim
982 3820 1041 3893 vel
1054 3820 1275 3913 plerumque
1292 3819 1415 3893 calore
1431 3820 1639 3893 deformato

441 3946 528 4035 seto,
555 3946 803 4040 interruptum
832 3947 958 4022 stratis
978 3946 1298 4021 subconcentricis
1318 3947 1414 4020 telae
1435 3947 1639 4022 cambialis

440 4072 627 4147 Plurimae
666 4074 820 4148 cellulae
859 4074 1053 4148 continent
1090 4075 1285 4167 crystallos
1329 4075 1497 4148 stellatas
1536 4073 1642 4149 calcii

439 4200 575 4275 oxalici
608 4204 645 4274 et
677 4200 825 4274 utriculi
848 4202 1163 4291 numerosissimi,
1202 4202 1424 4276 membrana
1461 4201 1640 4276 suberina

439 4327 543 4402 tenui
561 4327 743 4419 instructi,
771 4349 839 4422 per
856 4327 1133 4421 longitudinem
1160 4329 1407 4403 cohaerentes
1437 4334 1474 4402 et
1492 4329 1638 4423 passim

441 4455 676 4528 confluentes
720 4476 877 4529 succum
922 4456 1117 4550 proprium
1163 4455 1411 4530 resiniferum.
1459 4456 1644 4530 Fasciculi

442 4581 533 4673 ligni
565 4581 651 4670 rari,
686 4582 788 4657 haud
835 4583 959 4673 validi,
1008 4584 1179 4657 radiatim
1231 4583 1403 4678 dispositi
1449 4582 1641 4658 continent
