3725 5400
902 472 1141 547 -282-

424 712 570 783 aquosa
589 693 623 784 (1
647 723 696 756 =
717 686 811 791 100)
846 694 913 789 est,
931 690 1131 765 reactionis
1164 692 1345 766 neutn‘us.
1384 692 1447 767 Sa]
1474 693 1617 768 siceum

424 820 484 892 vel
502 818 578 893 luci
596 819 730 911 plenae
752 818 976 912 expositum,
995 841 1064 914 per
1081 819 1231 911 longius
1249 820 1428 913 temporis
1453 821 1616 913 spatium

425 945 663 1019 immutatum
695 950 834 1035 manet,
875 951 1040 1020 attamen
1077 947 1214 1020 soluir'o
1252 946 1334 1020 eius
1372 968 1519 1040 aquosa
1553 954 1619 1022 eut

429 1073 632 1167 spin'tuosa
655 1072 715 1145 vel
737 1073 813 1146 luci
837 1074 1030 1168 dispersae
1050 1075 1221 1167 exposita
1237 1073 1335 1147 intra
1347 1094 1488 1168 paucas
1502 1073 1617 1149 horas

425 1204 589 1277 colorem
609 1202 840 1277 subrubrum
858 1203 980 1276 trahit

532 1330 675 1404 Salutio
695 1350 843 1423 aquosa
860 1328 1154 1423 Physosrigmini
1172 1329 1355 1424 saIicyIiei,
1376 1329 1503 1404 addito
1517 1331 1616 1405 ferro

425 1456 724 1550 sesquirhlorato
744 1456 880 1545 solute,
912 1457 1077 1530 colorem
1095 1456 1304 1531 violaceum
1325 1456 1457 1547 induit,
1491 1457 1618 1531 addita

424 1582 610 1658 solufione
634 1582 711 1656 iodi
728 1582 909 1656 turbatur.
948 1583 1090 1657 Solutio
1123 1582 1163 1656 in
1191 1583 1298 1657 aeido
1327 1584 1506 1658 sulfurico
1531 1606 1617 1659 con·

425 1713 591 1785 centrata
610 1709 713 1783 initio
733 1709 894 1801 decolor,
913 1715 1047 1804 postea
1064 1710 1205 1784 flavum
1224 1711 1388 1784 colorem
1407 1710 1530 1785 trahit,

531 1839 575 1914 [n
608 1838 798 1913 ammonia
830 1837 975 1911 fervida
1006 1837 1351 1930 Physostigminum
1388 1837 1616 1931 salicyh'cum

426 1967 531 2041 facile
561 1965 732 2054 solvitur;
766 1965 902 2038 solutio
932 1965 1086 2038 obtenta
1118 1965 1254 2038 eolorr's
1281 1964 1500 2038 flavo-rubri
1532 1988 1616 2040 eva·

425 2100 555 2187 perata
575 2094 770 2168 residuum
804 2092 939 2166 eoloris
973 2092 1134 2166 caerulei
1160 2093 1220 2166 vel
1248 2115 1268 2166 e
1302 2094 1473 2166 caeruleo
1507 2093 1618 2186 grisei

424 2221 609 2313 relinquit,
639 2221 742 2314 quod
770 2220 809 2293 in
828 2219 961 2312 spiritu
983 2219 1059 2291 vini
1087 2220 1251 2293 solutum
1279 2219 1462 2313 liquorem
1491 2241 1618 2294 caeru·

424 2348 526 2421 leum
557 2348 722 2442 praebet,
741 2347 806 2440 qui
825 2347 933 2420 acido
954 2346 1093 2420 aeetieo
1119 2351 1424 2440 supersaturatus
1454 2348 1618 2420 colorem

425 2475 582 2548 rubrum
600 2474 722 2547 trahi†⁶
740 2474 952 2548 Residuum
981 2475 1195 2547 caeruleum
1222 2473 1262 2546 in
1290 2478 1395 2565 gutta
1422 2473 1518 2547 aeidr'
1545 2475 1619 2548 sul·

428 2601 533 2675 surici
561 2602 685 2676 colore
714 2600 822 2674 viridi
849 2601 1016 2689 solvitur,
1051 2599 1178 2674 addito
1207 2601 1377 2693 guttarm
1396 2600 1527 2696 spiritu
1544 2601 1619 2674 vini

426 2730 548 2822 liquor
567 2728 681 2803 ruber
700 2729 833 2803 evadit.

536 2856 813 2949 Centigramma
872 2855 1165 2948 Physostigmini
1225 2855 1400 2950 salieylr'ci
1459 2856 1616 2949 ignitum

427 2982 620 3056 residuum
638 3005 687 3056 ne
706 2983 901 3076 relinquat

519 3272 1165 3410 Palaemonem
1212 3277 1521 3411 hydro·

784 3436 1266 3550 chlorionem.

535 3622 707 3715 Crystalli
716 3621 834 3711 albae,
849 3622 928 3695 fere
939 3625 1105 3711 neutrae,
1119 3622 1264 3715 sapon's
1280 3620 1619 3713 subadstringentis

427 3750 555 3839 amari,
577 3757 664 3823 aere
683 3749 963 3839 humescenleS,
993 3748 1032 3820 in
1062 3770 1161 3841 aqua
1189 3754 1226 3822 et
1254 3748 1386 3843 spiritu
1403 3747 1479 3821 vini
1496 3748 1616 3837 facile,
1697 3818 1703 3832 ,
1735 3782 1738 3787 ⁴

427 3898 537 3968 aegre
574 3876 614 3949 in
652 3876 917 3949 chloroformio
956 3882 994 3950 et
1031 3876 1182 3950 aethere
1207 3875 1398 3964 solubiles,
1436 3880 1618 3970 tempera·

426 4008 511 4077 tura
533 4002 797 4076 1930--195ο
820 4003 1082 4096 liquescentes⁸
1118 4003 1162 4076 In
1189 4003 1296 4077 acido
1325 4002 1503 4099 sarlfrn'ieo
1533 4024 1619 4101 eon·
1721 4053 1724 4059 ,

428 4110 594 4204 centrata
614 4132 825 4219 solvuntur3
864 4131 1001 4204 solutio
1022 4136 1081 4204 est
1109 4130 1245 4204 eoloris
1273 4152 1419 4225 experS,
1453 4130 1492 4204 in
1510 4130 1618 4204 acido

426 4256 558 4331 nitrr'co
592 4261 832 4331 concentrato
861 4260 986 4331 colore
1020 4257 1376 4351 subviarii-pallente
1409 4257 1616 4332 solvuntur.

538 4385 681 4459 Solutio
729 4406 875 4479 aquosa
913 4386 949 4480 (1
985 4417 1033 4450 =
1068 4384 1158 4481 100)
1206 4384 1404 4459 reaetionis
1451 4383 1618 4458 aridulae

429 4512 556 4587 addita
575 4513 761 4586 solutione
786 4513 864 4587 iodi
882 4513 1169 4607 praecipitatum
1195 4513 1487 4603 rubro-fuscum,
1520 4513 1618 4586 solu·

427 4642 528 4715 tione
567 4641 710 4733 argenti
751 4640 872 4714 uitrici
917 4640 1203 4734 praecipitatum
1245 4640 1373 4713 album
1418 4661 1620 4715 caseosum
