3725 5400
906 442 1123 515 ..25-

527 660 684 735 Plantae
698 659 857 733 siccatae
871 659 989 735 mallo
1003 654 1125 751 plano
1136 662 1201 733 aut
1216 657 1465 733 canaliculato
1485 658 1612 734 dicho·

417 792 532 876 tom0,
581 786 726 861 laciniis
774 786 1096 861 diversiformibus
1132 806 1235 861 nunc
1270 784 1465 860 latioribus
1510 805 1613 860 mmc

418 915 722 1011 augustioribus:
750 915 956 991 linearibus
978 915 1038 990 rel
1061 913 1362 1004 cuneiiormibus,
1390 912 1520 989 ciliatis
1548 918 1615 988 aut

418 1043 598 1137 crispatis,
619 1042 864 1135 cystocarpiis
897 1041 1205 1135 hemisphaericis
1234 1040 1383 1115 adnatis
1408 1047 1473 1115 aul
1491 1040 1613 1133 magis

417 1170 718 1267 prominentibus
738 1169 905 1259 clavatis,
923 1168 1172 1262 cartilagineo,
1191 1168 1322 1261 rigido,
1344 1189 1445 1262 aqua
1459 1167 1612 1241 humec-

417 1304 497 1375 tato
548 1297 937 1391 palatinosocamoso
989 1296 1141 1387 lubrico,
1193 1295 1328 1371 coloris
1374 1294 1613 1370 flavescentia

419 1425 605 1501 interdum
624 1445 645 1498 e
665 1425 763 1497 ssavo
783 1424 1030 1513 rubescentis,
1059 1425 1206 1518 saporis
1229 1422 1500 1516 mucilaginosi.

350 1646 353 1652 ,
526 1551 621 1629 Pars
660 1554 677 1627 1
728 1552 863 1627 mercis
913 1573 1000 1627 cum
1037 1551 1209 1645 partibus
1244 1552 1295 1627 30
1343 1571 1464 1645 aquae
1507 1553 1614 1623 cocta

418 1682 604 1775 liquorem
637 1679 963 1771 mucilaginosum
992 1679 1178 1755 solutione
1207 1678 1284 1753 iodi
1310 1678 1414 1753 haud
1447 1678 1614 1753 caerule-

419 1814 587 1885 acentem
604 1807 769 1902 praebet,
790 1806 854 1900 qui
872 1807 1113 1899 refrigeratus
1132 1807 1171 1881 in
1190 1807 1392 1901 garamam
1411 1806 1495 1880 coit

527 1935 661 2011 Partes
686 1935 760 2009 100
780 1934 915 2009 mercis
944 1956 994 2009 ne
1017 1934 1104 2028 plus
1124 1955 1239 2026 quam
1257 1939 1384 2026 partes
1407 1934 1455 2007 18
1475 1931 1612 2007 cineris

419 2062 644 2156 relinquant.

909 2267 1131 2391 Albai.

770 2503 872 2582 Aloe
892 2502 1025 2581 lucida
1047 2500 1254 2606 Capensis.

532 2696 686 2792 Species
706 2697 897 2793 Capeuses
917 2700 1066 2792 generis
1084 2697 1187 2773 Alot’.

531 2825 750 2902 Substantia
769 2827 1054 2902 extractisormis
1075 2827 1206 2901 efoliis
1221 2831 1444 2920 praeparata
1458 2826 1618 2901 occurrit

421 2954 460 3028 in
478 2953 621 3030 massis
644 2959 753 3030 extus
774 2975 794 3027 e
820 2954 999 3028 subviridi
1014 2954 1173 3028 obscure
1188 2953 1304 3028 fuscis
1325 2959 1392 3028 aut
1408 2953 1618 3046 nigricanti-

421 3081 494 3153 bus
529 3102 644 3173 saepe
666 3081 821 3172 pulvere
840 3080 1087 3154 viridesceute
1125 3080 1330 3174 adspersis,
1359 3080 1552 3172 fragilibus
1580 3086 1619 3157 et

420 3207 640 3297 mobilibus,
675 3207 714 3282 iu
749 3208 915 3282 fractura
938 3208 1358 3300 grandom-conchatis,
1382 3208 1466 3282 vitri
1497 3208 1617 3282 instar

422 3335 637 3423 nitentibus
675 3333 715 3406 in
752 3334 921 3408 frustulis
960 3335 1136 3409 tenuibus
1168 3335 1381 3428 pellucidis,
1423 3335 1618 3427 amorphis

422 3462 547 3536 colore
584 3461 739 3535 flavido-
768 3467 834 3536 aut
867 3461 1200 3551 suburbio-fusco,
1237 3463 1431 3556 pulverem
1476 3461 1617 3536 flavum

420 3588 706 3682 praebentibus
745 3589 873 3664 odoris
911 3589 1113 3682 peculiaris
1150 3589 1424 3678 subnauseosi,
1469 3588 1617 3683 saporis

420 3716 620 3809 peramara.

529 3843 623 3916 Aloe
659 3843 698 3917 in
727 3865 828 3937 aqua
861 3843 996 3935 frigida
1024 3848 1204 3937 exparte
1234 3843 1402 3918 solvitur.
1432 3843 1561 3918 Partes
1591 3845 1616 3918 5

421 3969 537 4043 Alolis
558 3971 834 4063 compartibus
857 3971 907 4042 60
929 3992 1050 4062 aquae
1076 3971 1273 4062 coquendo
1294 3971 1520 4044 solutionem
1540 3976 1614 4044 tur·

421 4096 547 4169 hidam
584 4098 781 4189 praebent,
816 4119 913 4190 quae
946 4096 1162 4190 refrigerata
1195 4097 1409 4171 substantia
1444 4098 1618 4171 resinosa

422 4224 622 4297 secedente
642 4225 797 4317 limpida
815 4225 949 4300 evadit

528 4349 622 4424 Pars
638 4354 654 4424 1
670 4352 785 4426 Alces
802 4374 889 4426 cum
903 4352 1074 4445 partibus
1089 4354 1137 4425 10
1154 4351 1307 4445 spiritus
1317 4351 1393 4424 vini
1403 4352 1615 4426 ebullientis

420 4477 599 4554 filtraudo
629 4479 858 4554 solutionem
886 4480 1048 4573 perfecte
1076 4479 1271 4573 limpidam
1299 4479 1434 4553 coloris
1464 4501 1484 4554 e
1518 4481 1617 4554 flavo

421 4604 516 4679 susci
536 4604 695 4694 exhibet¹
726 4625 824 4700 quae
854 4613 891 4682 et
909 4606 1128 4698 refrigerata
1145 4628 1224 4682 nou
1242 4607 1415 4682 turbatur
1433 4613 1471 4682 et
1488 4607 1616 4681 addito
