3725 5400
913 448 1150 521 -158-

434 668 592 763 collapsi
618 668 919 755 taeniaeformeS,
949 665 1014 760 pili
1046 665 1197 759 capitati
1223 665 1413 757 longiores
1437 670 1475 739 et
1492 665 1629 740 breves

434 796 596 890 capitulo
619 796 701 869 uni·
721 801 788 869 aut
809 793 1074 889 pluricellulari
1092 792 1367 887 subsphaerico
1390 798 1457 867 aut
1479 793 1627 881 conico;

434 922 711 1016 mesophyllum
749 921 1017 996 dorsirentrale
1055 925 1175 994 strato
1216 919 1409 995 uniseriali
1436 941 1458 994 e
1486 919 1629 994 cellulis

433 1050 693 1143 palliormibus
712 1053 773 1122 sat
799 1047 976 1122 brevibus
1004 1052 1041 1121 et
1057 1047 1226 1121 utriculis
1249 1047 1463 1123 numerosis
1480 1046 1631 1141 repletis

434 1177 587 1270 pulvere
608 1176 822 1270 crystallino
842 1176 948 1250 calcii
967 1174 1110 1249 oralici.

548 1305 624 1377 100
652 1308 779 1397 partes
807 1303 999 1377 Foliorum
1028 1301 1282 1376 Belladonnae
1301 1322 1350 1376 ne
1368 1301 1496 1376 minus
1517 1321 1629 1394 quarn

434 1435 562 1524 partes
586 1430 634 1504 15
654 1430 809 1505 extracti
826 1430 1019 1524 spirituosi
1036 1430 1252 1522 praebeant
1280 1427 1424 1503 Eadem
1442 1428 1632 1522 quantitas

435 1557 628 1632 Foliorum
646 1579 695 1632 ne
714 1557 939 1651 plusquam
957 1561 1087 1651 partes
1111 1556 1158 1629 15
1179 1556 1316 1630 cineris
1334 1556 1532 1649 relinquat

544 1685 649 1758 Folia
667 1705 688 1758 e
707 1686 836 1778 planta
854 1683 1018 1758 florifera
1037 1682 1285 1776 decerpenda,
1307 1682 1380 1756 cito
1400 1681 1578 1756 siccanda
1596 1687 1633 1755 et

435 1815 474 1887 in
492 1834 582 1888 vase
603 1813 701 1887 bene
720 1812 850 1885 clauso
870 1832 942 1885 nec
960 1811 1060 1884 ultra
1078 1831 1223 1884 annum
1241 1809 1437 1884 servanda

681 2134 923 2249 liclia
960 2132 1387 2272 moilatio.

546 2317 720 2416 Diqitolis
743 2342 926 2415 purpureo
955 2319 1007 2409 L.,
1034 2320 1163 2412 planta
1189 2318 1338 2393 biennis
1370 2319 1409 2391 in
1442 2318 1632 2393 montibus

438 2446 573 2540 apricis
588 2445 762 2540 Europae
777 2446 1017 2521 occidentalis
1033 2453 1169 2538 sponte
1188 2466 1374 2536 crescens,
1391 2445 1492 2539 apud
1506 2467 1578 2520 nos
1593 2444 1632 2519 in

436 2574 555 2648 hortis
574 2573 788 2666 frequenter
807 2573 915 2647 culta

545 2702 649 2777 Folia
667 2706 779 2775 ovata
809 2701 869 2774 vel
897 2701 1201 2793 ovato-oblonga
1229 2701 1358 2774 infima
1384 2702 1423 2775 in
1451 2699 1632 2794 petiolum

437 2829 593 2921 longum
613 2829 754 2902 alatum
774 2827 1011 2901 decurrentia
1029 2849 1152 2920 usque
1171 2828 1221 2900 ad
1242 2828 1264 2901 3
1286 2827 1488 2902 decimetra
1505 2828 1630 2920 longa,

437 2958 632 3049 superiora
659 2956 806 3028 minora
832 2954 993 3028 breviter
1021 2955 1196 3048 petiolata
1224 2962 1289 3028 aut
1317 2955 1474 3043 sessilis,
1506 2954 1634 3029 omnia

437 3082 682 3176 inaequaliter
719 3087 784 3155 aut
807 3082 1252 3175 subdupttcato-crenata,
1278 3082 1634 3155 reticulato-venosa

437 3232 588 3302 rugosa,
608 3199 733 3284 nervis
753 3210 924 3284 tertianis
944 3232 1062 3304 prope
1082 3211 1235 3303 paribus
1254 3210 1457 3284 intervallis
1475 3211 1572 3284 inter
1590 3230 1632 3283 sa

438 3337 665 3412 diswntibus
679 3337 718 3409 in
732 3339 937 3429 segmentis
951 3338 1076 3412 nervis
1092 3338 1323 3412 secundariis
1338 3337 1500 3411 narratis
1515 3338 1635 3411 deter-

437 3464 603 3554 minatis;
646 3484 808 3557 superne
847 3464 1008 3538 obscure
1027 3464 1168 3556 viridia,
1205 3465 1459 3558 pubescentia,
1496 3465 1634 3539 subtus

436 3596 605 3666 tomento
643 3591 877 3684 albo-griseo
920 3593 1079 3666 obtecta.
1114 3590 1251 3665 Odoris
1298 3597 1389 3666 sunt
1434 3591 1633 3685 peculiaris

439 3717 583 3808 debilis
605 3718 752 3812 saporis
772 3719 889 3792 amari
907 3719 1097 3793 nauseosi

547 3845 806 3920 Adhibeantur
824 3847 928 3919 Folia
957 3868 977 3920 e
1004 3846 1134 3939 planta
1158 3845 1378 3920 florescente
1411 3846 1566 3920 collecta
1598 3852 1635 3919 et

439 3971 573 4046 sedulo
594 3973 744 4047 siccata.

547 4098 791 4193 Microscopio
808 4101 1059 4174 observantur
1076 4100 1310 4194 pracsertim:
1330 4100 1370 4174 in
1384 4105 1544 4193 utraque
1557 4101 1636 4176 folii

439 4227 577 4321 pagina
585 4230 740 4304 cellulae
752 4230 990 4323 epidermidis
1001 4250 1160 4321 magnae
1169 4230 1425 4323 leptodermae
1434 4228 1634 4303 undulato-

439 4354 608 4428 sinuatae
637 4356 890 4447 substellatae,
921 4361 1095 4447 stomata,
1121 4357 1184 4450 pili
1208 4356 1396 4450 simplices
1414 4355 1637 4449 leptodermi

439 4482 604 4574 collapsi,
615 4482 836 4577 plerumque
852 4506 872 4558 e
887 4485 1029 4559 cellulis
1046 4485 1161 4574 3-4‚
1170 4484 1354 4558 terminali
1368 4483 1472 4577 apice
1488 4483 1636 4571 obtusa,

440 4608 479 4681 in
490 4609 687 4701 superficie
696 4611 948 4684 verruculosis
959 4617 1024 4686 aut
1037 4610 1215 4685 striatnlis
1228 4616 1267 4684 et
1284 4610 1348 4704 pili
1365 4609 1470 4703 parvi
1489 4609 1637 4703 capitati
