3725 5400
916 477 1129 555 „pe-

535 696 763 775 centimetru
781 696 912 775 euhiea
932 695 956 768 5
970 694 1140 775 Aetheris
1153 693 1332 789 impetire
1349 696 1467 775 vitree
1484 716 1620 790 evapo-

424 830 507 903 rato
549 845 676 903 rorem
719 823 946 918 relinquunt
989 823 1053 917 qui
1096 822 1268 901 chartam
1315 822 1528 903 caeruleam
1571 845 1621 905 ne

425 952 641 1026 mhefaeiat.

533 1078 718 1157 volumen
747 1080 763 1157 1
792 1098 913 1175 aquae
938 1098 1024 1156 cum
1048 1076 1195 1171 aequali
1223 1076 1415 1157 volumine
1447 1077 1620 1155 Aetheris

425 1204 668 1283 vehementer
685 1210 986 1298 conquassatum
1014 1204 1171 1298 neptus
1195 1225 1311 1298 quam
1340 1203 1487 1283 decime
1514 1210 1620 1299 perte

428 1339 622 1427 augeatur.

535 1459 674 1537 Charta
700 1460 830 1539 bibula
855 1458 1019 1537 Aethere
1047 1458 1191 1537 imbuta
1219 1466 1422 1553 evaporato
1450 1460 1613 1539 Aethere

427 1609 477 1665 ne
495 1588 674 1681 praebeat
691 1587 848 1665 odorem
867 1586 940 1667 olei
957 1586 1034 1665 vini
1051 1586 1112 1665 rel
1129 1586 1376 1665 fermentotei.

534 1715 672 1791 Frusta
688 1713 947 1808 magnitudine
966 1713 1037 1807 piei
1055 1713 1143 1791 tatii
1160 1713 1435 1808 hydrooxydati
1452 1720 1620 1793 recenter

426 1842 503 1917 tusi
521 1843 560 1916 in
578 1842 716 1936 lagena
744 1842 922 1916 continuo
955 1839 1115 1914 Aethere
1149 1841 1362 1934 superfusa,
1393 1842 1555 1915 mixtura
1581 1843 1621 1915 ih

429 1970 564 2064 lagena
578 1971 704 2045 statim
719 1970 859 2065 optime
873 1969 1016 2058 clausa,
1038 1990 1061 2072 a
1077 1969 1161 2043 luce
1181 1973 1327 2047 remota
1342 1968 1508 2062 seposita
1525 1970 1621 2044 inter

428 2097 623 2171 dimidium
640 2097 758 2171 horae
774 2096 938 2175 colorem
958 2095 1171 2170 subitarum
1189 2116 1237 2169 ue
1257 2095 1424 2171 induant.

537 2226 764 2300 Centimetra
800 2224 935 2298 cubica
977 2224 1024 2297 10
1060 2221 1232 2299 Aetheris
1274 2245 1361 2297 eum
1399 2224 1620 2299 centimetro

428 2354 560 2433 cubico
580 2356 597 2429 t
623 2353 821 2431 solutionis
840 2351 927 2425 hatti
940 2351 1055 2425 iodati
1067 2351 1107 2424 in
1120 2352 1297 2444 lagenula
1308 2352 1422 2449 plane
1438 2353 1622 2446 completa

429 2480 629 2575 epistomio
643 2480 759 2557 vitreo
775 2480 915 2568 clausa,
934 2478 1054 2552 aluce
1068 2484 1214 2552 remota
1234 2499 1348 2571 saepe
1368 2485 1623 2577 conquassata

429 2608 525 2681 inter
544 2607 738 2681 dirrridium
755 2604 871 2679 horae
897 2606 1063 2679 colorem
1079 2626 1128 2680 ne
1149 2605 1341 2699 accipiant

537 2734 713 2812 Servetur
740 2734 779 2812 in
807 2734 912 2812 uasis
946 2735 1085 2827 optime
1119 2732 1260 2810 clausis
1295 2755 1319 2810 a
1351 2734 1434 2810 luce
1466 2734 1620 2812 remotis

427 2862 467 2940 in
485 2862 568 2936 loeo
587 2861 734 2956 frigido.

580 3061 894 3171 Aether
912 3084 1085 3195 pro
1113 3057 1476 3170 mareon.

533 3243 674 3338 Liquor
695 3243 873 3338 ttmpidus
894 3242 1057 3332 decolor,
1078 3242 1286 3320 admodum
1300 3243 1473 3331 rotatilis,
1493 3242 1618 3317 odoris

425 3373 636 3465 peculiaria,
656 3371 836 3466 ponderis
856 3370 1022 3464 speeifiei
1036 3371 1170 3458 trito,
1191 3370 1314 3448 calore
1332 3371 1406 3446 350
1421 3371 1603 3450 ebulliens
1610 3393 1619 3461 ;

428 3499 467 3571 in
487 3500 589 3573 omni
608 3498 849 3592 proportione
869 3519 957 3571 eum
976 3498 1110 3590 spiritu
1130 3496 1205 3571 vini
1223 3518 1293 3571 nec
1316 3519 1393 3571 non
1419 3520 1505 3576 eum
1530 3499 1622 3578 oleis

425 3625 629 3719 pinguibus
648 3625 874 3702 miscendus.

534 3752 761 3830 centimetra
802 3752 936 3830 cubica
977 3752 1029 3828 tt)
1066 3751 1241 3828 Aetheris
1281 3773 1351 3845 pro
1393 3755 1544 3828 narcosi
1581 3753 1620 3830 in

424 3879 552 3972 patina
578 3880 697 3953 vitrea
725 3885 931 3973 evaporata
954 3901 1080 3953 rorem
1103 3879 1331 3971 relinquunt,
1360 3880 1425 3972 qui
1451 3879 1620 3953 chartam

426 4008 638 4081 caeruleam
657 4028 704 4080 ne
724 4006 940 4081 ruhefaeiat

533 4132 674 4207 Charta
705 4133 832 4207 bibula
861 4133 1023 4207 Aethere
1060 4155 1130 4227 pro
1172 4135 1321 4208 narcosi
1357 4135 1503 4209 imbuta
1535 4156 1619 4209 eva·

423 4266 557 4354 poreto
577 4261 729 4336 aethere
747 4282 796 4336 ne
813 4261 994 4354 praebeat
1013 4261 1179 4336 odorem.

531 4387 717 4464 Volumen
749 4389 911 4480 requae
941 4407 1027 4462 eum
1056 4385 1206 4480 aequati
1228 4387 1417 4462 volumine
1441 4386 1617 4466 Aetheris

422 4535 492 4606 pro
518 4514 669 4592 naroosi
696 4514 939 4592 vehementer
971 4519 1273 4607 conquassatum
1304 4535 1353 4590 ne
1385 4515 1619 4608 plusquam

422 4639 571 4715 decima
588 4645 694 4734 perte
714 4645 906 4732 augeatur.
