3725 5400
727 518 967 594 -391-

358 742 535 830 lxnnglne
553 741 649 812 Porci
773 797 775 801 Α
1144 734 1310 832 partibas
1366 737 1444 810 700

327 866 514 959 usquead
530 865 833 939 consumiionem
846 861 1003 952 humidi,
1018 866 1099 936 tum
1115 863 1208 951 cola,
1226 862 1389 956 exprime
1408 866 1446 937 ei
1601 866 1604 870 ’

328 993 425 1067 adde
442 993 624 1086 liquando

359 1124 588 1196 cerneleiae
1188 1123 1312 1212 partes
1357 1117 1445 1191 180.

326 1247 476 1321 Massae
496 1247 830 1340 semireinigeratae
848 1244 978 1320 intime
998 1243 1163 1325 admisce

359 1378 430 1448 illei
447 1378 549 1448 Lauri
1185 1377 1310 1468 partae
1392 1370 1444 1444 88

358 1505 430 1577 illei
446 1505 662 1577 larmdulae

358 1632 429 1702 diei
446 1631 602 1703 lientlnae
620 1631 787 1722 piperitne

358 1759 430 1830 ulei
449 1759 638 1831 Rormarinl

358 1887 429 1958 ulei
447 1886 596 1976 iuniperi
1124 1877 1170 1952 u'u
1183 1885 1309 1976 partes
1406 1880 1443 1953 8.

344 2011 602 2120 'Unguentum
630 2008 767 2086 coloris
784 2009 922 2097 rinidiS,
952 2008 1079 2083 odoris
1107 2009 1215 2082 valde
1242 2007 1444 2080 aromatici.

358 2138 452 2212 Pars
475 2142 492 2213 1
516 2137 716 2231 Unguenti‚
739 2158 826 2211 cum
846 2136 999 2230 spiritus
1019 2135 1095 2209 vini
1113 2135 1282 2230 partibus
1304 2134 1327 2206 1
1349 2135 1444 2208 cale·

250 2266 350 2339 facta
382 2264 566 2357 liquorem
593 2264 783 2360 praebeat,
823 2264 888 2357 qui
905 2263 1147 2356 redigeretus
1167 2267 1204 2336 et
1223 2263 1444 2336 decantatus

251 2392 379 2464 addita
398 2391 589 2465 ammonia
607 2391 772 2465 colorem
795 2391 1078 2464 rubro-fuscum
1097 2412 1145 2463 ne
1165 2389 1306 2462 induat,

520 2717 858 2884 Unguentum
887 2714 1173 2886 Glycerini.

250 2975 324 3069 Rp:
354 2977 523 3067 Glycerinl
1184 2978 1310 3067 partes
1356 2974 1444 3047 100.

326 3102 475 3175 Calefac
521 3101 560 3174 in
605 3101 735 3196 patina
774 3101 1013 3194 porcellanea
1059 3100 1107 3173 ad
1153 3104 1446 3193 temperaturam

326 3229 470 3303 circiter
491 3229 591 3302 110Ο
615 3233 652 3302 et
671 3228 768 3302 adde
787 3228 994 3301 miscellam
1012 3233 1140 3301 exacte
1159 3232 1330 3320 paratam
1351 3249 1397 3300 ex

356 3360 466 3449 lmyli
484 3359 602 3430 Tritici
991 3396 996 3406 ·
1141 3352 1310 3451 partibus
1396 3354 1445 3427 10

356 3488 470 3575 Aquae
1142 3477 1310 3579 partibus
1380 3481 1444 3555 20.

357 3610 436 3684 Sub
455 3609 633 3684 continua
652 3609 851 3703 agitatione
865 3609 992 3702 redige
1008 3631 1176 3682 massam
1190 3609 1229 3681 in
1243 3608 1445 3702 gelatinam

248 3739 485 3831 aequabilem
502 3736 740 3832 pellucidam.

482 4024 819 4193 Unguentum
847 4024 1202 4199 Hydrargyri.

246 4280 319 4374 Rp:
348 4284 560 4373 ilydrrrgyrl
1185 4288 1307 4378 partes
1360 4344 1364 4355 .
1390 4283 1443 4356 30

353 4410 469 4501 ldlple
488 4412 600 4482 Lanae
1180 4415 1306 4505 partes
1383 4410 1441 4484 15.

322 4535 486 4609 Assidue
514 4536 722 4610 triturando
743 4538 917 4630 extingue
937 4538 1223 4629 hydrargyrum,
1247 4540 1289 4608 ut
1303 4534 1444 4627 globuli

323 4661 496 4736 metallici
505 4665 576 4736 sub
586 4664 685 4737 lente
695 4685 774 4737 nou
789 4663 949 4758 amplius
960 4668 1176 4757 appareant.
1192 4662 1285 4736 Dein
1300 4661 1443 4736 sensim
