3725 5400
878 529 1122 602 -350—

402 746 607 840 quantitate
626 769 694 839 per
722 745 768 818 lu
790 747 905 818 horas
930 749 1180 833 macerentur;
1202 744 1398 818 destillatio
1421 745 1486 818 fiat
1514 746 1595 838 lege

402 876 489 948 artis
508 876 547 947 in
565 875 700 948 balneo
720 874 882 968 vaporis

511 1003 668 1096 Spiritus
689 1002 862 1078 destillati
880 1001 1121 1075 medicinales
1142 1001 1217 1075 sint
1235 1000 1413 1093 ponderis
1433 999 1596 1092 specifioi

401 1129 619 1224 praescripti
649 1134 685 1203 et
713 1129 841 1203 odoris
871 1134 908 1202 et
930 1127 1078 1222 saporis
1097 1128 1259 1221 partium
1278 1127 1483 1200 volatilium
1503 1127 1597 1200 etin

402 1257 533 1351 spiritu
551 1257 627 1329 vini
642 1257 857 1330 solubilium
876 1256 1178 1345 medicaminum,
1209 1277 1229 1328 6
1249 1255 1386 1348 quibus
1405 1260 1595 1348 parantur.

511 1386 713 1458 Serventur
730 1384 770 1457 in
789 1384 932 1477 lagenis
953 1368 1091 1476 optime
1113 1383 1249 1456 clausis
1270 1382 1308 1455 in
1329 1384 1413 1455 loeo
1433 1383 1595 1455 obscuro

403 1517 440 1586 et
458 1512 603 1605 frigido.

729 1762 960 1934 Spiritus
996 1761 1267 1898 Aetheris,

402 2003 477 2095 Rp:
511 2005 666 2077 Aetheris
1339 2007 1461 2096 portes
1545 2002 1594 2074 15

512 2133 656 2224 Spiritus
675 2133 751 2204 Vini
939 2227 944 2239 Ι
1340 2134 1464 2224 portes
1535 2130 1596 2203 75.

457 2259 582 2333 Misce.

510 2385 649 2479 Liquor
675 2386 851 2479 limpidus
881 2387 1044 2475 decolor,
1079 2387 1190 2478 plane
1218 2383 1388 2475 volatilia,
1416 2384 1595 2478 ponderis

403 2513 567 2608 speoifiei
586 2515 892 2592 osus-uam

512 2641 738 2717 Centimetra
770 2641 901 2716 cubica
939 2642 987 2715 10
1020 2640 1178 2735 Spiritus
1211 2637 1396 2728 Aetheris
1430 2638 1471 2713 in
1504 2640 1595 2713 tubo

403 2770 659 2844 mensurando
693 2774 780 2864 apto
815 2791 901 2843 cum
935 2768 1083 2863 aequali
1118 2767 1307 2841 volumine
1344 2765 1430 2839 kalii
1468 2767 1597 2840 aeetici

404 2898 518 2972 soluti
545 2897 838 2991 conquassando
858 2896 974 2971 mixta
993 2901 1029 2970 et
1043 2896 1210 2991 seposita
1229 2895 1448 2969 centimelra
1467 2893 1598 2968 cubica

405 3026 428 3099 5
448 3025 602 3119 liquoris
623 3025 787 3099 aetherei
805 3024 1086 3118 supranatantis
1107 3024 1277 3097 offerant.

513 3153 651 3227 Charta
673 3153 800 3226 bibula
819 3152 955 3247 Spiritu
985 3151 1147 3226 aetheris
1171 3151 1386 3226 humefacta
1409 3154 1498 3244 post
1516 3149 1597 3223 eius

404 3281 707 3374 evaporationem
726 3303 774 3353 ne
795 3280 883 3372 quid
904 3280 1032 3353 odoris
1054 3278 1237 3352 exhibeat.

783 3622 1013 3794 Spmtus
1052 3624 1219 3755 Ausi.

404 3863 478 3958 Rp:
499 3868 641 3937 huetus
659 3867 755 3937 Aulai
773 3866 926 3954 vulgaris
946 3874 1004 3943 (ΙΙΙ)
1338 3865 1461 3956 partes
1546 3859 1596 3932 bh

516 3995 660 4085 Spiritus
680 3995 754 4065 Vini
1326 3992 1450 4083 partes
1536 3988 1597 4060 75.

456 4119 606 4193 Maeera
638 4142 705 4212 per
742 4119 789 4192 iu
833 4118 967 4207 horas;
1015 4123 1096 4192 tum
1130 4116 1353 4190 destillaudo
1387 4116 1467 4206 lege
1507 4114 1596 4187 artis

405 4248 582 4320 abstrahe

513 4377 657 4467 Spiritus
676 4378 769 4448 Auisi
1331 4376 1454 4466 partes
1513 4369 1599 4442 100.

511 4503 651 4595 Liquor
669 4503 845 4596 limpidus
867 4502 1031 4591 decolor,
1053 4500 1181 4574 odoris
1203 4505 1239 4573 et
1258 4498 1405 4592 saporis
1426 4495 1600 4586 anisaeei

404 4630 582 4727 ponderis
602 4629 766 4726 specifici
786 4629 1091 4703 0·SS5-0·905.
