3725 5400
720 479 955 550 -115-

241 696 406 769 cellanea
438 716 509 789 ope
543 695 668 770 balnei
701 716 821 788 aquae
849 716 972 789 usque
992 695 1040 768 ad
1059 694 1263 787 perfectam
1283 695 1435 788 spiritus

240 823 316 896 vini
335 824 591 897 amissionem.

350 950 562 1025 Residuum
595 951 753 1025 immitte
785 950 824 1023 in
856 949 1133 1023 infundibulum
1162 949 1436 1043 separatorium

243 1078 379 1152 additis
409 1078 636 1152 centimetris
666 1078 805 1151 cubicis
836 1078 859 1151 5
889 1075 1088 1151 solutionis
1116 1077 1227 1151 natrii
1249 1077 1437 1151 carboniei

242 1203 405 1299 (1:4)
434 1209 471 1278 et
500 1204 725 1278 centimetris
754 1204 894 1277 cubicis
924 1203 975 1277 00
1002 1202 1265 1294 cbloroiormii,
1292 1203 1438 1278 fortiter

241 1332 534 1426 conquassando
562 1332 780 1406 miscellam.
809 1331 977 1406 Stratum
1005 1330 1258 1405 chloroiormii
1283 1330 1437 1424 limpide

242 1481 398 1534 evasum
417 1459 547 1552 collige
567 1459 606 1531 in
625 1458 867 1533 cucurbitam.
909 1459 1012 1532 Haec
1050 1460 1217 1553 operatio
1247 1464 1439 1552 repetatur

242 1609 328 1661 cum
348 1586 576 1660 centimetris
596 1586 735 1660 cubicis
760 1588 808 1659 10
828 1590 866 1659 et
885 1586 908 1659 5
929 1586 1190 1661 chloroiormii.
1221 1586 1435 1661 Solutiones

241 1712 550 1787 chloroiormicas
589 1713 764 1786 collectas
796 1712 942 1785 vicibus
976 1712 1220 1805 sequentibus
1249 1734 1438 1806 exquassa

241 1863 328 1914 cum
343 1841 569 1915 centimetris
585 1840 726 1915 cubicis
743 1841 806 1931 tu,
826 1842 875 1915 10
891 1846 927 1915 et
943 1842 965 1915 5
982 1862 1102 1934 aquae
1117 1841 1307 1915 nonnullis
1322 1841 1437 1935 guttis

241 1970 335 2042 acidi
354 1968 627 2062 hydrocblorici
646 1969 864 2044 acidulatae.
890 1968 1073 2063 Liquores
1097 1969 1225 2043 acidos
1250 1968 1437 2058 collectos,

241 2096 370 2170 addita
388 2096 573 2171 solutione
601 2098 712 2169 natrii
740 2096 928 2170 carbonici
948 2096 1127 2170 alcalinos
1148 2100 1292 2185 enatos,
1320 2096 1437 2169 ternis

240 2223 383 2297 vicibus
422 2245 611 2316 exquassa
649 2245 734 2298 cum
772 2223 1000 2298 centimetris
1033 2223 1176 2297 cubicis
1215 2225 1263 2297 10
1292 2222 1436 2296 chloro

240 2352 373 2424 formii.
404 2351 636 2425 Solutionem
664 2351 934 2424 alcaloidorum
962 2350 1286 2424 chloroiormicam
1313 2355 1434 2425 trans·

240 2486 351 2572 porta
381 2479 423 2552 iri
453 2479 666 2571 lageuulam
699 2479 906 2572 praeditam
944 2479 1039 2552 collo
1077 2477 1214 2571 amplo,
1260 2476 1437 2571 ponderis

221 2598 331 2694 noti,
361 2607 601 2700 evaporando
632 2606 936 2679 chloroformium
964 2609 1219 2699 temperatura
1237 2604 1434 2678 ordinaria.

240 2733 453 2807 Residuum
473 2733 728 2827 crystallinum
746 2737 823 2808 iere
842 2734 953 2828 plane
974 2733 1100 2807 album
1129 2733 1278 2807 exsicca
1296 2738 1436 2826 tempe·

242 2866 371 2935 ratura
406 2863 505 2933 1000
543 2868 580 2937 et
612 2862 651 2935 in
685 2865 868 2955 apparatu
902 2860 1143 2935 exsiccatorio
1180 2860 1437 2954 refrigeratum

239 2989 380 3063 trutina
400 2989 581 3062 examina.

350 3115 506 3189 Pondus
527 3116 609 3190 eius
639 3115 687 3190 sit
716 3115 1016 3209 decigrammatis
1040 3118 1072 3189 1.
1094 3114 1239 3204 Quodsi
1258 3114 1438 3188 efficiatur

241 3242 393 3335 pondus
409 3242 581 3336 producti
604 3242 791 3336 superius
813 3243 1002 3335 quantitas
1027 3242 1260 3315 substantiae
1290 3242 1437 3315 alcaloi·

243 3370 337 3443 deae
356 3369 558 3443 reducatur
577 3370 625 3443 ad
655 3369 901 3462 quantitatem
929 3369 1200 3463 praescriptam
1226 3369 1371 3444 ratione
1398 3369 1438 3442 in

242 3495 400 3570 articulo
421 3496 585 3589 generali
604 3497 651 3569 de
671 3496 844 3569 extractis
866 3496 1061 3590 descripta.

405 3877 718 4011 Eruactun
755 3875 951 4009 calami
989 3876 1278 4010 aromatici.

242 4132 320 4226 Rp:
354 4135 488 4207 Radicis
508 4136 631 4206 caloni
650 4136 826 4207 aromatici
845 4144 903 4214 (111)
1184 4141 1302 4231 portes
1389 4133 1437 4206 10

353 4263 497 4354 Spiritus
516 4263 592 4333 Vini
610 4262 710 4334 diluti
1176 4267 1300 4356 portes
1403 4260 1437 4333 5.

352 4388 502 4462 Macera
530 4409 598 4481 per
625 4389 740 4462 horas
772 4390 855 4463 3111
883 4409 974 4462 vase
994 4390 1139 4476 claus03
1164 4392 1244 4461 tum
1268 4408 1439 4460 massam

243 4515 493 4589 madefactam
517 4515 645 4609 ingere
663 4516 702 4589 in
735 4521 959 4610 apparatum
979 4514 1237 4609 depulsorium
1270 4518 1308 4588 et
1330 4490 1439 4680 sule
1538 4479 1557 4588 ,”
1604 4549 1627 4558 -·

234 4602 414 4832 kaffunde

1187 4780 1220 4834 81
