3725 5400
888 467 1143 539 -xxu-

533 685 728 758 Eiusmodi
747 684 999 758 medicamina
1017 706 1086 758 nec
1114 706 1194 758 non
1222 687 1487 775 coniectiones,
1518 709 1615 781 quae

421 813 530 885 novis
550 818 586 885 et
603 812 821 886 novissimis
841 812 1075 906 temporibus
1089 813 1177 886 usui
1190 814 1447 906 therapeutico
1462 817 1615 890 venales

423 940 642 1030 offeruntur,
676 941 749 1014 nisi
786 963 809 1014 a
844 940 1051 1015 ministerio
1088 962 1214 1015 rerum
1250 942 1482 1016 internarum
1516 944 1617 1017 aliud

423 1072 603 1142 statutum
631 1068 753 1159 fuerit,
784 1089 934 1162 semper
964 1068 1120 1160 legitimi
1156 1068 1292 1143 medici
1322 1070 1615 1164 praescriptione

422 1195 644 1289 dispensare
662 1196 723 1269 fas
743 1202 812 1269 est

528 1322 705 1397 Diversas
751 1323 892 1396 formas
944 1323 1249 1412 medicaminum,
1309 1328 1352 1397 ut
1396 1325 1617 1416 praesertim

421 1451 582 1541 tabulas
635 1451 811 1544 capsulas
858 1455 896 1525 et
935 1450 1108 1545 pastillos
1154 1450 1194 1524 in
1230 1450 1425 1525 involucro
1463 1451 1614 1544 proprio

422 1578 592 1671 originali
610 1579 651 1652 in
668 1578 986 1672 pharmacopoliis
1006 1577 1150 1671 absque
1169 1578 1462 1673 praescriptione
1482 1578 1616 1651 medici

419 1706 573 1798 legitimi
601 1705 776 1800 expedire
799 1726 879 1779 non
907 1705 1136 1796 conceditur,
1170 1706 1204 1780 si
1222 1705 1497 1780 medicamenta
1528 1726 1615 1778 con·

420 1833 551 1925 tinent,
583 1855 743 1927 quorum
763 1833 996 1927 dispensatio
1014 1833 1349 1927 praescriptionem
1368 1832 1502 1907 medici
1526 1832 1615 1930 legi-

420 1960 501 2034 timi
519 1962 696 2054 postulat.
1687 1936 1692 1946 ’

529 2088 775 2181 Exceptiones
822 2088 937 2162 huius
994 2090 1145 2180 regulae
1192 2087 1440 2161 ministerium
1487 2109 1614 2161 rerum

421 2215 652 2289 internarum
672 2215 849 2290 decernit.

529 2343 597 2435 §4-
606 2342 1264 2436 MedicaminainPhannacopoeam
1276 2347 1439 2436 recepta,
1452 2361 1614 2433 quorum

421 2469 652 2563 dispensatio
681 2471 826 2563 absque
854 2470 1149 2564 praescriptione
1173 2469 1308 2542 medici
1331 2467 1484 2560 legitimi
1511 2467 1616 2540 haud

422 2596 646 2687 conceditur,
664 2598 794 2671 tabula
810 2597 871 2671 IV.
892 2598 1052 2671 exhibet

527 2723 629 2799 Haec
662 2726 914 2799 medicamina
946 2725 986 2798 in
1013 2731 1118 2798 textu
1144 2724 1472 2818 Pharmacopoeae
1500 2730 1538 2796 et
1573 2722 1612 2795 in

421 2852 579 2925 elencho
614 2852 789 2928 adiuncto
823 2852 1007 2926 distinctis
1037 2851 1230 2944 obliquis
1263 2851 1378 2944 typis
1408 2850 1615 2943 conspicua

418 2977 636 3053 redduntur.

527 3106 726 3181 Praeterea
744 3113 781 3181 et
799 3111 1023 3201 praeparata
1055 3107 1110 3179 sic
1145 3106 1244 3179 dicta
1272 3106 1612 3197 organotherapeu-

418 3232 493 3307 tica
516 3255 685 3308 necnon
705 3255 791 3308 sera
822 3233 1059 3308 medicabilia
1079 3232 1226 3307 diversa
1244 3256 1292 3306 ne
1316 3232 1390 3305 nisi
1407 3231 1613 3325 praescrip·

419 3361 521 3435 tione
545 3362 680 3435 medici
711 3362 866 3454 legitimi
886 3362 1106 3455 dispensare
1124 3360 1267 3435 licitum
1287 3366 1355 3434 est.

529 3491 550 3580 ξ
571 3489 605 3561 5.
626 3487 885 3578 Medicamina,
908 3488 948 3561 in
966 3490 1096 3562 tabula
1114 3487 1171 3562 ΙΠ.
1179 3493 1367 3581 congesta,
1382 3488 1414 3561 si
1430 3508 1453 3560 a
1467 3486 1613 3559 medico

418 3616 458 3687 in
492 3615 631 3688 maiore
665 3615 749 3688 dosi
777 3616 1094 3708 praescribuntur,
1129 3636 1243 3708 quam
1268 3637 1364 3707 quae
1393 3614 1556 3687 maxima
1576 3614 1615 3685 ln

417 3742 490 3815 hac
503 3742 633 3815 tabula
646 3748 777 3816 notata
792 3748 860 3832 est,
876 3764 956 3816 non
970 3748 1061 3816 sunt
1075 3742 1343 3836 dispensanda,
1358 3741 1431 3815 nisi
1445 3740 1613 3814 medicus

419 3870 571 3961 signum
591 3870 871 3943 exclamationis
890 3871 928 3967 (t)
950 3871 989 3943 in
1008 3869 1299 3963 praescriptione
1319 3868 1514 3942 addiderit

527 4000 548 4087 g
568 3996 604 4069 6.
640 3997 679 4069 Si
711 3997 1040 4086 medicamentum,
1071 3996 1172 4089 quod
1201 4003 1239 4070 et
1267 3996 1426 4070 crudum
1444 4000 1482 4068 et
1500 3995 1615 4088 depu-

417 4130 541 4198 ratum
593 4147 663 4199 seu
713 4126 958 4200 rectificatum
1009 4127 1050 4199 in
1097 4124 1417 4219 pharmacopoliis
1468 4129 1616 4217 prostat

419 4252 588 4327 medicus
616 4252 901 4345 praescripserit
927 4252 1033 4325 nulla
1061 4252 1301 4325 distinctione
1320 4251 1429 4339 iacta,
1465 4270 1615 4342 semper

419 4378 643 4471 depuratum
677 4399 746 4453 seu
777 4379 1022 4453 rectificatum
1057 4378 1304 4472 dispensetur.
1333 4377 1427 4451 Item
1445 4376 1479 4449 si
1497 4376 1614 4449 medi·

422 4512 648 4594 ramentum,
668 4506 776 4579 cuius
797 4505 1081 4596 distinguuntur
1100 4502 1418 4578 concontrationis
1447 4507 1484 4575 et
1510 4502 1613 4576 forti·

420 4632 561 4705 tudinis
582 4632 732 4725 gradus,
750 4632 1026 4724 praescriptum
1045 4631 1166 4720 fuerit,
1190 4631 1281 4723 quin
1300 4631 1440 4722 gradus
1457 4650 1615 4703 concen-
