3725 5400
941 458 1178 531 -100-

573 676 633 752 Ad
674 675 884 770 parandum
920 676 1175 770 Emplastrum
1211 676 1444 751 substantiae
1486 697 1658 751 massam

466 804 658 900 emplastri
698 804 1021 879 fundamentalem
1068 803 1353 895 constituentes,
1401 808 1444 878 ut
1490 803 1659 879 diversae

463 931 721 1027 pinguedines
754 931 903 1006 resinae
931 938 970 1006 et
997 929 1201 1024 emplastra
1228 930 1412 1025 simplicia
1444 930 1655 1023 officinalis,

350 1150 355 1160 .
465 1060 541 1134 leni
578 1061 703 1134 calore
736 1058 961 1152 liquaefacla
1001 1058 1041 1132 in
1077 1079 1247 1132 massam
1290 1057 1524 1151 aequabilem
1565 1058 1661 1132 redi·

467 1192 617 1280 grmtur‚
639 1186 698 1260 cui
718 1186 951 1261 substantiae
975 1186 1318 1261 medicamentosae
1336 1187 1418 1278 lege
1438 1186 1530 1259 artis
1551 1207 1657 1260 exac-

465 1313 610 1389 tissime
619 1313 814 1388 miscendo
825 1317 862 1387 et
871 1312 1097 1387 malaxando
1107 1312 1403 1407 incorporantur.
1416 1312 1658 1387 substantiae

465 1441 618 1516 maioris
645 1438 879 1515 resistentiae
899 1439 1101 1533 separatim
1123 1440 1330 1514 fundantur
1359 1444 1396 1514 et
1422 1440 1656 1515 substantiae

348 1584 352 1593 ·
466 1568 622 1643 minoris
636 1567 871 1643 resistentiae
885 1588 1037 1642 massae
1051 1588 1183 1641 eorum
1192 1566 1355 1661 liquatae
1366 1567 1655 1642 admisceantur.

467 1694 706 1769 Substantiae
736 1694 1008 1769 constituentes
1041 1694 1117 1768 sint
1145 1699 1327 1787 quantum
1351 1695 1433 1770 fieri
1457 1699 1583 1789 potest
1610 1695 1660 1770 ab

466 1843 567 1917 aqua
583 1822 761 1897 liberatae
781 1826 818 1896 et
837 1822 1025 1916 qualitatis
1045 1827 1209 1896 exactae.

573 1949 822 2024 Medicamina
838 1949 1070 2044 praescripta
1088 1949 1283 2041 pulverata
1299 1947 1339 2022 in
1363 1969 1497 2041 genere
1516 1970 1565 2024 ne
1582 1949 1657 2024 nisi

466 2078 505 2151 in
523 2077 677 2172 pulvere
696 2075 942 2150 subtilissimo
961 2074 1038 2169 (Vl)
1062 2080 1099 2150 et
1126 2077 1236 2169 plane
1266 2074 1369 2150 sicco
1399 2075 1659 2151 adhibeantur.

574 2203 829 2298 Emplasirum
846 2203 919 2277 hoc
939 2202 1054 2278 modo
1073 2208 1338 2296 praeparatum
1356 2202 1513 2278 autleni
1533 2203 1657 2277 calore

466 2332 648 2426 liquatum
677 2352 794 2424 supra
821 2331 978 2405 linteum
1005 2336 1205 2405 extensum
1232 2330 1468 2423 dispensetur
1495 2334 1561 2404 aut
1583 2330 1660 2404 vol·

467 2458 591 2534 vendo
619 2463 806 2533 tormento
830 2457 1047 2531 informem
1070 2457 1225 2551 cylindri
1243 2457 1442 2548 redigatur.
1460 2455 1658 2549 Tempera-

467 2591 551 2660 tura
583 2585 771 2660 ordinaria
803 2584 851 2659 sit
882 2607 1013 2660 massa
1035 2585 1236 2679 Emplastri
1267 2585 1399 2675 solida,
1431 2583 1500 2657 sed
1518 2604 1655 2658 manus

465 2714 588 2789 calore
607 2713 832 2789 madescens
851 2718 889 2788 el
905 2714 981 2789 leni
996 2714 1120 2788 calore
1138 2713 1279 2806 liquata
1298 2712 1404 2787 facile
1425 2716 1462 2784 et
1480 2710 1656 2805 aequabi-

463 2841 546 2915 liter
564 2862 680 2934 supra
698 2840 810 2915 telam
829 2840 1076 2914 extendenda

572 2967 719 3058 Quodsi
754 2967 1008 3061 Emplastrum
1041 2975 1238 3042 extensum
1275 2969 1547 3063 praescriptum
1584 2974 1654 3057 est,

464 3098 622 3169 stratum
640 3116 791 3169 massae
810 3095 849 3168 in
873 3115 1008 3187 genere
1027 3095 1279 3169 millimetrum
1297 3117 1469 3172 crassum
1488 3098 1547 3172 sit.

570 3221 783 3316 Emplastra
801 3243 849 3296 ne
869 3222 944 3295 sint
961 3221 1121 3296 mucida

679 3400 1035 3571 Emplastrun
1072 3399 1435 3537 adlaesivuu.

459 3620 535 3715 Rp:
570 3623 754 3713 Emplastrl
771 3623 902 3696 Plunbl
920 3624 1084 3714 sinpllels
1099 3643 1120 3695 a
1135 3622 1322 3715 glycerino
1339 3629 1376 3699 et
1394 3646 1494 3718 aqua
1509 3626 1653 3701 liberati

1378 3759 1502 3848 partes
1563 3755 1638 3828 100

567 3859 683 3949 Adlpls
703 3859 813 3932 Lanae

568 3985 670 4057 darae
688 3987 798 4058 darae
1320 3983 1366 4060 ὦ
1377 3995 1502 4083 partes
1588 3990 1650 4064 10.

530 4109 622 4184 Leni
639 4111 725 4204 igne
744 4112 954 4206 liquefactis
975 4111 1072 4186 adde
1092 4112 1297 4187 miscellam
1315 4115 1494 4209 liquatam
1514 4139 1534 4192 e

565 4240 712 4312 Balsanl
730 4241 988 4314 'lereblntbinae

566 4367 711 4440 saurae
730 4369 922 4459 delepbenll

564 4494 710 4568 Reslnsc
730 4497 883 4568 llanmar
1270 4476 1324 4568 ὦ
1333 4493 1502 4592 partibas
1588 4498 1649 4572 10.
1704 4477 1720 4510 ’

527 4616 694 4692 Massam
713 4621 863 4712 percola
883 4625 920 4695 et
939 4621 1288 4713 semirelrigeratam
1301 4623 1341 4697 in
1354 4624 1468 4698 linteo
1484 4625 1653 4699 extende.
