3725 5400
897 445 1119 519 -VIH—

418 669 526 749 hanc
545 670 762 749 editionem
780 668 1135 773 Pharmacopoeae
1153 670 1395 780 elaborandi.
1414 672 1483 749 Ad
1501 671 1611 750 hunc

415 834 539 911 finem
571 833 726 912 consilii
758 833 944 912 sanitatis
977 834 1155 936 supremi
1187 834 1399 937 collegium
1426 834 1611 938 pharma-

415 997 620 1076 ceuticum
651 997 837 1099 speciale,
878 996 918 1074 in
952 1020 1031 1097 quo
1064 996 1278 1075 consiliarii
1312 997 1611 1101 disciplinarum

340 1158 345 1165 ’
416 1160 713 1238 medicinalium
755 1160 971 1263 praecipue
1015 1160 1128 1263 gnari
1183 1165 1225 1238 et
1272 1159 1610 1265 pharmacopolae

416 1348 439 1401 e
480 1323 632 1426 gremio
669 1321 998 1426 pharmaceutico
1042 1346 1118 1401 nec
1155 1347 1237 1401 non
1281 1349 1303 1401 e
1348 1324 1610 1403 societatibus

416 1485 754 1588 pharmaceutiois
786 1486 1167 1565 Vindobonensibus
1206 1488 1459 1579 conveniunt
1500 1512 1610 1566 man-

416 1651 557 1728 datum
616 1650 773 1752 accepit
829 1650 1020 1729 omnihus
1072 1650 1351 1753 prospiciendi,
1413 1675 1516 1753 quae
1569 1652 1611 1729 in
1679 1674 1680 1677 ‘

284 1848 289 1861 ·
415 1814 621 1891 exaranda
657 1838 761 1892 nova
794 1813 968 1892 editione
1002 1813 1356 1892 animadvertenda
1384 1813 1466 1893 sint
1492 1820 1535 1894 et
1564 1821 1611 1894 ut

415 1977 529 2055 labor
581 1999 773 2080 prospere
828 1977 1033 2068 succedat,
1088 1976 1281 2080 principia
1332 1983 1375 2057 et
1432 1978 1610 2057 tationes

415 2138 553 2219 labore
573 2143 765 2244 suggesta
787 2140 828 2218 in
849 2140 1141 2219 commentario
1171 2142 1409 2243 exponendi,
1441 2165 1546 2243 quae
1568 2148 1611 2220 et

413 2302 593 2383 interiori
647 2303 923 2382 deliberationi
978 2326 1050 2406 pro
1098 2302 1362 2383 fundamento
1415 2304 1608 2383 inservire

415 2465 583 2569 possint.

525 2627 743 2735 Collegium
785 2629 1160 2733 pharmaceuticum
1190 2630 1364 2734 speciale
1402 2653 1605 2712 commen-

414 2794 563 2873 tarium
583 2794 857 2873 desideratum
879 2795 1100 2873 elaboravit
1118 2819 1295 2873 unacum
1317 2795 1497 2874 elenchis
1523 2795 1606 2874 illo-

410 2981 502 3036 rum
524 2957 846 3046 medicaminum,
864 2982 967 3059 quae
984 2958 1260 3036 ornittcndaet
1279 2982 1383 3060 quae
1403 2958 1443 3037 in
1457 2982 1608 3038 novum

415 3120 598 3200 codicem
617 3119 848 3224 recipienda
869 3126 1019 3200 essent

522 3284 616 3362 Hoc
647 3284 985 3362 commentarium
1026 3307 1121 3362 cum
1151 3283 1342 3376 elenchis
1382 3309 1408 3362 a
1439 3284 1606 3364 consilio

410 3445 595 3526 sanitatis
640 3469 830 3550 supremo
862 3446 1145 3550 comprobatis,
1183 3471 1209 3525 a
1247 3447 1289 3528 C.
1306 3448 1359 3562 ¹ll
1386 3448 1607 3527 Ministerio

413 3609 678 3712 praefecturis
722 3595 914 3722 [omnium
960 3634 1178 3713 regnorum
1222 3615 1265 3690 et
1306 3610 1608 3713 provinciarum

410 3772 701 3853 transmissum
722 3771 810 3865 fuit,
831 3777 879 3852 ut
901 3772 1127 3865 consiliarii,
1154 3773 1300 3876 quibus
1325 3773 1367 3852 iu
1394 3774 1606 3879 provinciis

409 3959 511 4015 cura
531 3936 590 4013 rei
612 3935 864 4015 medicinalis
888 3937 1022 4016 delata
1044 3941 1118 4029 est,
1139 3937 1283 4040 aliique
1303 3938 1402 4017 artis
1425 3938 1605 4016 medicae

410 4104 457 4178 et
499 4097 853 4202 pharmaceuticae
889 4101 1062 4180 consulti
1093 4106 1234 4179 votum
1274 4101 1472 4194 emittant
1508 4125 1607 4179 num

412 4261 698 4368 dispositiones
720 4262 761 4342 in
784 4263 962 4342 elenchis
985 4265 1215 4368 propositae
1245 4263 1453 4343 desideriis
1484 4264 1607 4343 medi-

410 4447 554 4506 corum
576 4448 626 4504 ac
646 4423 878 4529 indigentiis
900 4428 1134 4508 commercii
1153 4427 1195 4506 in
1217 4427 1388 4507 officinis
1419 4427 1605 4531 pharma-

409 4588 583 4668 ceuticis
605 4588 685 4668 illic
708 4589 834 4668 obviis
862 4593 1136 4694 respondeant
1165 4597 1208 4669 et
1239 4614 1319 4692 qua
1351 4591 1507 4671 ratione
1529 4590 1606 4694 ipsi
