3725 5400
741 496 951 568 ..87-

357 711 493 787 Cortex
519 711 642 787 trunci
669 717 707 788 ct
724 733 917 787 ramorum
937 712 1099 787 siccatus
1120 710 1219 785 sistit
1236 710 1446 805 fragmenta

248 839 449 915 convoluta
468 846 534 914 aut
553 840 807 931 canaliculata,
829 841 1051 935 plerumque
1070 839 1197 914 minus
1218 861 1334 934 quam
1348 838 1444 913 deci-

172 1050 174 1055 ,
249 972 412 1042 metrum
446 969 562 1060 longa
598 974 636 1043 ct
672 967 932 1043 centimetrum
964 968 1055 1057 lata,
1099 967 1202 1041 1-1
1235 965 1445 1041 millimetra

251 1116 394 1184 crassa,
437 1094 686 1188 peridermate
728 1096 842 1186 tenui,
888 1099 998 1171 extus
1044 1096 1158 1187 vulgo
1210 1094 1442 1184 candicante,

247 1222 352 1297 1imis
390 1222 602 1298 decussatis
640 1225 798 1313 sulcato,
838 1244 953 1316 saepe
990 1222 1067 1297 iam
1103 1221 1240 1317 partim
1272 1222 1440 1317 delapso,

249 1349 385 1425 cortice
404 1350 497 1426 locis
518 1350 717 1425 denudatis
736 1350 873 1425 coloris
890 1372 911 1423 e
926 1349 1052 1442 griseo
1065 1351 1126 1424 vel
1146 1349 1326 1424 subviridi
1348 1348 1447 1424 fusci

247 1479 390 1553 rimoso
428 1483 494 1552 aut
530 1479 847 1571 longitudinaliter
881 1498 1036 1569 rugoso,
1084 1478 1250 1551 fractura
1286 1476 1444 1571 aequali,

248 1605 376 1680 odoris
404 1605 602 1699 peculiaris
631 1605 835 1696 aromatici,
866 1605 1015 1701 saporis
1044 1604 1162 1678 amari
1189 1608 1226 1678 et
1244 1602 1446 1678 aromatici.

357 1731 401 1807 In
420 1733 586 1807 sectione
605 1738 824 1807 transversa
842 1732 979 1807 Cortex
998 1731 1149 1807 exhibet
1166 1732 1446 1825 endophloeurn

251 1859 491 1935 subtilissime
524 1859 696 1935 strictum
729 1859 845 1934 radiis
881 1859 922 1933 in
959 1859 1101 1952 figuras
1139 1864 1320 1933 cuneatas
1358 1878 1444 1931 con·

248 1986 377 2082 gestis.

355 2116 437 2210 Ope
447 2116 683 2211 microscopii
694 2117 909 2212 exploratus
921 2114 1444 2191 CortexCascarillaeeminet:

244 2245 386 2321 cellulis
413 2245 672 2338 peridermatis
700 2244 898 2340 polygonis
925 2245 1147 2317 membrana
1177 2242 1313 2337 partim
1339 2242 1441 2316 inae·

244 2371 403 2466 qualiter
414 2372 634 2462 incrassata,
648 2371 839 2446 instructis
855 2370 1078 2465 crystallulis
1094 2370 1323 2464 simplicibus
1339 2369 1443 2444 calcii

246 2498 392 2585 oxalici;
407 2470 698 2593 parencbymate
715 2521 734 2573 e
750 2498 891 2573 cellulis
907 2503 967 2572 sat
984 2497 1122 2592 parvis
1139 2520 1237 2592 quae
1252 2497 1445 2572 continent

248 2630 315 2702 aut
332 2627 498 2721 amylum
523 2627 564 2701 in
597 2627 763 2720 granulis
797 2624 1027 2721 simplicibus
1058 2629 1094 2701 et
1126 2624 1354 2721 compositis,
1381 2628 1447 2699 aut

248 2754 444 2847 crystallos
459 2755 563 2829 calcii
577 2754 709 2829 oxalici
724 2757 762 2828 et
774 2753 963 2850 simplices
982 2759 1020 2828 et
1038 2755 1215 2843 stellatas
1235 2758 1301 2827 aut
1319 2753 1445 2827 oleum

249 2883 468 2957 aethereum
492 2887 556 2955 aut
575 2904 743 2956 massam
763 2882 986 2976 amarpham
1006 2882 1141 2955 coloris
1163 2903 1209 2954 ex
1228 2881 1445 2955 aurantiaco

248 3008 307 3081 vel
335 3030 356 3082 e
383 3008 498 3083 rubro
527 3009 635 3099 fusci,
671 3031 768 3103 quac
803 3010 930 3084 addita
962 3008 1149 3083 solutione
1180 3008 1269 3081 ferri
1301 3007 1446 3102 sesqui·

249 3134 407 3210 chlorati
434 3138 599 3211 colorem
626 3138 812 3230 profunde
840 3137 1056 3212 caeruleum
1084 3134 1200 3225 ducit;
1229 3135 1335 3208 libris
1362 3133 1445 3210 libri

248 3262 432 3356 primariis
456 3263 592 3357 partim
626 3263 873 3354 difformibus,
893 3262 1061 3356 margine
1091 3262 1340 3353 denticulatis,
1365 3282 1445 3336 non

246 3410 333 3463 raro
366 3390 529 3463 arcuatis
575 3391 797 3465 membrana
842 3393 950 3466 valde
991 3390 1212 3481 incrassata,
1251 3412 1320 3484 per
1364 3390 1446 3463 lon·

248 3516 452 3609 gitudinem
484 3518 603 3592 dense
631 3518 804 3592 minutim
838 3520 968 3592 striata
1000 3525 1038 3593 et
1072 3519 1112 3592 in
1130 3519 1296 3593 sectione
1323 3522 1446 3592 trans·

246 3644 382 3718 versati
393 3645 518 3718 stratis
534 3645 779 3719 concentricis
795 3651 944 3734 ornata;
959 3648 1061 3721 vasis
1077 3646 1253 3720 cribrosis
1268 3644 1446 3739 copiosiS,

246 3770 437 3844 instructis
456 3771 615 3863 pulvillis
636 3772 786 3846 callosis
806 3773 914 3847 valde
935 3772 1153 3867 perspicuis.

354 3897 486 3971 Partes
528 3898 604 3972 100
638 3898 794 3973 Corticis
832 3921 879 3973 ne
917 3899 1043 3973 minus
1083 3921 1199 3992 quam
1230 3903 1358 3992 partes
1394 3899 1442 3972 15

248 4024 401 4100 extracti
419 4024 611 4119 spiritnosi
628 4027 844 4120 praebeant
871 4027 1015 4102 Eadem
1039 4027 1228 4120 quantitas
1248 4028 1445 4101 combusta

246 4174 295 4226 nc
314 4151 401 4245 plus
426 4174 541 4244 quam
568 4157 695 4246 partes
719 4154 767 4227 10
788 4155 921 4228 cineris
942 4155 1089 4228 eiusce
1109 4153 1220 4248 grisei
1247 4154 1443 4247 relinquat.

358 4278 466 4373 Ligni
484 4281 694 4372 fragmenta
712 4281 828 4356 merci
846 4282 1059 4356 intermixta
1087 4286 1173 4354 aute
1192 4301 1306 4353 usum
1323 4301 1445 4353 remo-

247 4411 418 4481 veantur.
