<?xml version="1.0" encoding="UTF-8"?>
<!DOCTYPE html PUBLIC "-//W3C//DTD XHTML 1.0 Transitional//EN"
    "http://www.w3.org/TR/xhtml1/DTD/xhtml1-transitional.dtd">
<html xmlns="http://www.w3.org/1999/xhtml" xml:lang="en" lang="en">
 <head>
  <title>
</title>
<meta http-equiv="Content-Type" content="text/html;charset=utf-8" />
  <meta name='ocr-system' content='tesseract 3.04.00' />
  <meta name='ocr-capabilities' content='ocr_page ocr_carea ocr_par ocr_line ocrx_word'/>
</head>
<body>
  <div class='ocr_page' id='page_1' title='image "./pharmacopoeaaus00innegoog_0244.png"; bbox 0 0 3725 5400; ppageno 0'>
   <div class='ocr_carea' id='block_1_1' title="bbox 925 483 1159 559">
    <p class='ocr_par' dir='ltr' id='par_1_1' title="bbox 925 483 1159 559">
     <span class='ocr_line' id='line_1_1' title="bbox 925 483 1159 559; baseline 0.004 -1"><span class='ocrx_word' id='word_1_1' title='bbox 925 483 1159 559; x_wconf 73' lang='lat'>-210-</span> 
     </span>
    </p>
   </div>
   <div class='ocr_carea' id='block_1_2' title="bbox 447 702 1639 1693">
    <p class='ocr_par' dir='ltr' id='par_1_2' title="bbox 447 702 1638 1180">
     <span class='ocr_line' id='line_1_2' title="bbox 447 702 1636 803; baseline -0.002 -23"><span class='ocrx_word' id='word_1_2' title='bbox 447 726 607 780; x_wconf 90' lang='lat' dir='ltr'><strong>numero</strong></span> <span class='ocrx_word' id='word_1_3' title='bbox 641 705 808 803; x_wconf 86' lang='lat' dir='ltr'><strong>quinque</strong></span> <span class='ocrx_word' id='word_1_4' title='bbox 850 703 946 778; x_wconf 88' lang='lat' dir='ltr'><strong>albis</strong></span> <span class='ocrx_word' id='word_1_5' title='bbox 986 703 1046 777; x_wconf 87' lang='lat' dir='ltr'><strong>rel</strong></span> <span class='ocrx_word' id='word_1_6' title='bbox 1082 704 1210 793; x_wconf 86' lang='lat' dir='ltr'><strong>roseis,</strong></span> <span class='ocrx_word' id='word_1_7' title='bbox 1240 704 1396 778; x_wconf 83' lang='lat' dir='ltr'><strong>floribus</strong></span> <span class='ocrx_word' id='word_1_8' title='bbox 1425 702 1518 779; x_wconf 85' lang='lat' dir='ltr'><strong>disci</strong></span> <span class='ocrx_word' id='word_1_9' title='bbox 1543 704 1636 778; x_wconf 86' lang='lat' dir='ltr'><strong>lute-</strong></span> 
     </span>
     <span class='ocr_line' id='line_1_3' title="bbox 447 830 1638 925; baseline 0 -19"><span class='ocrx_word' id='word_1_10' title='bbox 447 831 648 923; x_wconf 86' lang='lat' dir='ltr'><strong>soentibus,</strong></span> <span class='ocrx_word' id='word_1_11' title='bbox 676 832 715 906; x_wconf 92' lang='lat' dir='ltr'><strong>in</strong></span> <span class='ocrx_word' id='word_1_12' title='bbox 734 832 956 925; x_wconf 82' lang='lat' dir='ltr'>corymbum</span> <span class='ocrx_word' id='word_1_13' title='bbox 984 831 1145 905; x_wconf 87' lang='lat' dir='ltr'><strong>densum</strong></span> <span class='ocrx_word' id='word_1_14' title='bbox 1163 830 1395 905; x_wconf 87' lang='lat' dir='ltr'><strong>terminalem</strong></span> <span class='ocrx_word' id='word_1_15' title='bbox 1412 830 1638 923; x_wconf 82' lang='lat' dir='ltr'><strong>fastigiatum</strong></span> 
     </span>
     <span class='ocr_line' id='line_1_4' title="bbox 448 957 1637 1055; baseline -0.001 -21"><span class='ocrx_word' id='word_1_16' title='bbox 448 959 650 1055; x_wconf 88' lang='lat' dir='ltr'><strong>dispositis,</strong></span> <span class='ocrx_word' id='word_1_17' title='bbox 687 959 814 1035; x_wconf 88' lang='lat' dir='ltr'><strong>odoris</strong></span> <span class='ocrx_word' id='word_1_18' title='bbox 852 957 1056 1048; x_wconf 85' lang='lat' dir='ltr'><strong>aromatici,</strong></span> <span class='ocrx_word' id='word_1_19' title='bbox 1090 958 1237 1052; x_wconf 87' lang='lat' dir='ltr'><strong>saporis</strong></span> <span class='ocrx_word' id='word_1_20' title='bbox 1270 957 1517 1049; x_wconf 89' lang='lat' dir='ltr'><strong>amaricantis,</strong></span> <span class='ocrx_word' id='word_1_21' title='bbox 1550 960 1637 1033; x_wconf 92' lang='lat' dir='ltr'><strong>sub·</strong></span> 
     </span>
     <span class='ocr_line' id='line_1_5' title="bbox 448 1085 919 1180; baseline -0.004 -18"><span class='ocrx_word' id='word_1_22' title='bbox 448 1086 723 1180; x_wconf 81' lang='lat' dir='ltr'><strong>adstringentis,</strong></span> <span class='ocrx_word' id='word_1_23' title='bbox 744 1085 919 1162; x_wconf 85' lang='lat' dir='ltr'><strong>subsalsi.</strong></span> 
     </span>
    </p>

    <p class='ocr_par' dir='ltr' id='par_1_3' title="bbox 450 1213 1639 1438">
     <span class='ocr_line' id='line_1_6' title="bbox 556 1213 1639 1289; baseline -0.001 0"><span class='ocrx_word' id='word_1_24' title='bbox 556 1213 683 1289; x_wconf 82' lang='lat' dir='ltr'>Herba</span> <span class='ocrx_word' id='word_1_25' title='bbox 714 1213 866 1289; x_wconf 90' lang='lat' dir='ltr'><strong>nonnisi</strong></span> <span class='ocrx_word' id='word_1_26' title='bbox 900 1213 1089 1289; x_wconf 88' lang='lat' dir='ltr'><strong>antbodiis</strong></span> <span class='ocrx_word' id='word_1_27' title='bbox 1116 1213 1212 1289; x_wconf 90' lang='lat' dir='ltr'><strong>bene</strong></span> <span class='ocrx_word' id='word_1_28' title='bbox 1240 1214 1397 1288; x_wconf 82' lang='lat' dir='ltr'><strong>evolutis</strong></span> <span class='ocrx_word' id='word_1_29' title='bbox 1423 1213 1464 1288; x_wconf 88' lang='lat' dir='ltr'><strong>in</strong></span> <span class='ocrx_word' id='word_1_30' title='bbox 1482 1213 1639 1289; x_wconf 86' lang='lat' dir='ltr'><strong>collibus</strong></span> 
     </span>
     <span class='ocr_line' id='line_1_7' title="bbox 450 1342 819 1438; baseline -0.005 -21"><span class='ocrx_word' id='word_1_31' title='bbox 450 1342 584 1438; x_wconf 86' lang='lat' dir='ltr'><strong>apricis</strong></span> <span class='ocrx_word' id='word_1_32' title='bbox 604 1342 819 1436; x_wconf 80' lang='lat' dir='ltr'><strong>colligenda</strong></span> 
     </span>
    </p>

    <p class='ocr_par' dir='ltr' id='par_1_4' title="bbox 449 1469 1638 1693">
     <span class='ocr_line' id='line_1_8' title="bbox 561 1469 1638 1578; baseline -0.001 -34"><span class='ocrx_word' id='word_1_33' title='bbox 561 1470 637 1544; x_wconf 88' lang='lat'><strong>100</strong></span> <span class='ocrx_word' id='word_1_34' title='bbox 657 1474 783 1564; x_wconf 85' lang='lat' dir='ltr'><strong>partes</strong></span> <span class='ocrx_word' id='word_1_35' title='bbox 802 1469 938 1543; x_wconf 87' lang='lat' dir='ltr'><strong>merois</strong></span> <span class='ocrx_word' id='word_1_36' title='bbox 967 1491 1015 1543; x_wconf 91' lang='lat' dir='ltr'><strong>ue</strong></span> <span class='ocrx_word' id='word_1_37' title='bbox 1043 1470 1129 1565; x_wconf 90' lang='lat' dir='ltr'><strong>pius</strong></span> <span class='ocrx_word' id='word_1_38' title='bbox 1150 1491 1264 1563; x_wconf 88' lang='lat' dir='ltr'><strong>quam</strong></span> <span class='ocrx_word' id='word_1_39' title='bbox 1283 1473 1409 1578; x_wconf 79' lang='lat' dir='ltr'><strong>partes</strong></span> <span class='ocrx_word' id='word_1_40' title='bbox 1437 1470 1485 1544; x_wconf 89' lang='lat'><strong>15</strong></span> <span class='ocrx_word' id='word_1_41' title='bbox 1505 1469 1638 1545; x_wconf 85' lang='lat' dir='ltr'><strong>cineris</strong></span> 
     </span>
     <span class='ocr_line' id='line_1_9' title="bbox 449 1597 663 1693; baseline -0.005 -21"><span class='ocrx_word' id='word_1_42' title='bbox 449 1597 663 1693; x_wconf 80' lang='lat' dir='ltr'><strong>praebeant.</strong></span> 
     </span>
    </p>
   </div>
   <div class='ocr_carea' id='block_1_3' title="bbox 822 1849 1268 2021">
    <p class='ocr_par' dir='ltr' id='par_1_5' title="bbox 822 1849 1268 2021">
     <span class='ocr_line' id='line_1_10' title="bbox 822 1849 1268 2021; baseline 0.004 -39"><span class='ocrx_word' id='word_1_43' title='bbox 822 1849 1003 1985; x_wconf 87' lang='lat' dir='ltr'><strong>Herba</strong></span> <span class='ocrx_word' id='word_1_44' title='bbox 1035 1849 1268 2021; x_wconf 79' lang='lat' dir='ltr'><strong>(trigoni.</strong></span> 
     </span>
    </p>
   </div>
   <div class='ocr_carea' id='block_1_4' title="bbox 450 2107 1642 3610">
    <p class='ocr_par' dir='ltr' id='par_1_6' title="bbox 452 2107 1640 2330">
     <span class='ocr_line' id='line_1_11' title="bbox 563 2107 1640 2207; baseline 0 -24"><span class='ocrx_word' id='word_1_45' title='bbox 563 2109 757 2207; x_wconf 67' lang='lat' dir='ltr'><strong>(tricenum</strong></span> <span class='ocrx_word' id='word_1_46' title='bbox 793 2107 936 2204; x_wconf 63' lang='lat' dir='ltr'><strong>scalpere</strong></span> <span class='ocrx_word' id='word_1_47' title='bbox 971 2108 1024 2199; x_wconf 89' lang='lat' dir='ltr'><strong>L.‚</strong></span> <span class='ocrx_word' id='word_1_48' title='bbox 1077 2109 1205 2203; x_wconf 87' lang='lat' dir='ltr'><strong>planta</strong></span> <span class='ocrx_word' id='word_1_49' title='bbox 1244 2109 1430 2202; x_wconf 86' lang='lat' dir='ltr'><strong>perennis,</strong></span> <span class='ocrx_word' id='word_1_50' title='bbox 1457 2109 1497 2183; x_wconf 92' lang='lat' dir='ltr'><strong>in</strong></span> <span class='ocrx_word' id='word_1_51' title='bbox 1533 2110 1640 2183; x_wconf 81' lang='lat' dir='ltr'><strong>silva·</strong></span> 
     </span>
     <span class='ocr_line' id='line_1_12' title="bbox 452 2235 1370 2330; baseline -0.003 -17"><span class='ocrx_word' id='word_1_52' title='bbox 452 2238 535 2313; x_wconf 88' lang='lat' dir='ltr'><strong>tiois</strong></span> <span class='ocrx_word' id='word_1_53' title='bbox 552 2237 750 2328; x_wconf 84' lang='lat' dir='ltr'><strong>montosis,</strong></span> <span class='ocrx_word' id='word_1_54' title='bbox 771 2237 820 2311; x_wconf 92' lang='lat' dir='ltr'><strong>ad</strong></span> <span class='ocrx_word' id='word_1_55' title='bbox 840 2258 951 2330; x_wconf 81' lang='lat' dir='ltr'><strong>sepes</strong></span> <span class='ocrx_word' id='word_1_56' title='bbox 971 2240 1008 2311; x_wconf 86' lang='lat' dir='ltr'><strong>et</strong></span> <span class='ocrx_word' id='word_1_57' title='bbox 1026 2236 1178 2311; x_wconf 89' lang='lat' dir='ltr'><strong>dumeta</strong></span> <span class='ocrx_word' id='word_1_58' title='bbox 1194 2235 1370 2329; x_wconf 77' lang='lat' dir='ltr'><strong>vulgaris.</strong></span> 
     </span>
    </p>

    <p class='ocr_par' dir='ltr' id='par_1_7' title="bbox 450 2363 1641 3464">
     <span class='ocr_line' id='line_1_13' title="bbox 558 2363 1639 2458; baseline -0.002 -18"><span class='ocrx_word' id='word_1_59' title='bbox 558 2366 684 2440; x_wconf 82' lang='lat' dir='ltr'><strong>Herba</strong></span> <span class='ocrx_word' id='word_1_60' title='bbox 719 2365 851 2439; x_wconf 91' lang='lat' dir='ltr'><strong>florida</strong></span> <span class='ocrx_word' id='word_1_61' title='bbox 893 2363 1034 2438; x_wconf 83' lang='lat' dir='ltr'><strong>siccata</strong></span> <span class='ocrx_word' id='word_1_62' title='bbox 1068 2363 1166 2438; x_wconf 86' lang='lat' dir='ltr'><strong>foliis</strong></span> <span class='ocrx_word' id='word_1_63' title='bbox 1203 2363 1396 2458; x_wconf 86' lang='lat' dir='ltr'><strong>oppositis,</strong></span> <span class='ocrx_word' id='word_1_64' title='bbox 1443 2364 1639 2458; x_wconf 87' lang='lat' dir='ltr'><strong>petiolatis,</strong></span> 
     </span>
     <span class='ocr_line' id='line_1_14' title="bbox 451 2491 1639 2586; baseline -0.003 -17"><span class='ocrx_word' id='word_1_65' title='bbox 451 2493 581 2585; x_wconf 87' lang='lat' dir='ltr'><strong>oratis,</strong></span> <span class='ocrx_word' id='word_1_66' title='bbox 591 2494 710 2568; x_wconf 86' lang='lat' dir='ltr'><strong>acutis</strong></span> <span class='ocrx_word' id='word_1_67' title='bbox 724 2493 784 2567; x_wconf 86' lang='lat' dir='ltr'><strong>rel</strong></span> <span class='ocrx_word' id='word_1_68' title='bbox 798 2491 1416 2583; x_wconf 80' lang='lat' dir='ltr'><strong>obtusiusoulis,subinteger1imis,</strong></span> <span class='ocrx_word' id='word_1_69' title='bbox 1432 2492 1639 2586; x_wconf 86' lang='lat' dir='ltr'><strong>pubescen-</strong></span> 
     </span>
     <span class='ocr_line' id='line_1_15' title="bbox 450 2619 1641 2715; baseline -0.003 -18"><span class='ocrx_word' id='word_1_70' title='bbox 450 2621 563 2713; x_wconf 80' lang='lat' dir='ltr'><strong>tibus,</strong></span> <span class='ocrx_word' id='word_1_71' title='bbox 593 2621 761 2715; x_wconf 73' lang='lat' dir='ltr'><strong>margine</strong></span> <span class='ocrx_word' id='word_1_72' title='bbox 781 2621 920 2694; x_wconf 83' lang='lat' dir='ltr'><strong>cibatis.</strong></span> <span class='ocrx_word' id='word_1_73' title='bbox 949 2620 1079 2694; x_wconf 81' lang='lat' dir='ltr'><strong>liores</strong></span> <span class='ocrx_word' id='word_1_74' title='bbox 1104 2619 1263 2694; x_wconf 82' lang='lat' dir='ltr'><strong>breviter</strong></span> <span class='ocrx_word' id='word_1_75' title='bbox 1279 2619 1497 2714; x_wconf 86' lang='lat' dir='ltr'><strong>pedicellati‚</strong></span> <span class='ocrx_word' id='word_1_76' title='bbox 1517 2621 1641 2713; x_wconf 77' lang='lat' dir='ltr'><strong>calyce</strong></span> 
     </span>
     <span class='ocr_line' id='line_1_16' title="bbox 453 2748 1641 2844; baseline -0.003 -18"><span class='ocrx_word' id='word_1_77' title='bbox 453 2751 790 2844; x_wconf 88' lang='lat' dir='ltr'><strong>subeampanulato</strong></span> <span class='ocrx_word' id='word_1_78' title='bbox 828 2749 1177 2843; x_wconf 85' lang='lat' dir='ltr'><strong>quinque-dentato</strong></span> <span class='ocrx_word' id='word_1_79' title='bbox 1215 2749 1430 2841; x_wconf 89' lang='lat' dir='ltr'><strong>corollaque</strong></span> <span class='ocrx_word' id='word_1_80' title='bbox 1465 2748 1641 2823; x_wconf 89' lang='lat' dir='ltr'><strong>bilabiata</strong></span> 
     </span>
     <span class='ocr_line' id='line_1_17' title="bbox 450 2875 1641 2972; baseline -0.002 -19"><span class='ocrx_word' id='word_1_81' title='bbox 450 2900 562 2953; x_wconf 88' lang='lat' dir='ltr'><strong>rosea</strong></span> <span class='ocrx_word' id='word_1_82' title='bbox 579 2878 640 2952; x_wconf 84' lang='lat' dir='ltr'><strong>vel</strong></span> <span class='ocrx_word' id='word_1_83' title='bbox 652 2882 949 2972; x_wconf 81' lang='lat' dir='ltr'><strong>purpurascente</strong></span> <span class='ocrx_word' id='word_1_84' title='bbox 974 2876 1188 2969; x_wconf 76' lang='lat' dir='ltr'><strong>congregati</strong></span> <span class='ocrx_word' id='word_1_85' title='bbox 1203 2875 1345 2950; x_wconf 87' lang='lat' dir='ltr'><strong>suntin</strong></span> <span class='ocrx_word' id='word_1_86' title='bbox 1359 2875 1482 2969; x_wconf 88' lang='lat' dir='ltr'><strong>spicas</strong></span> <span class='ocrx_word' id='word_1_87' title='bbox 1497 2877 1641 2967; x_wconf 77' lang='lat' dir='ltr'><strong>breves</strong></span> 
     </span>
     <span class='ocr_line' id='line_1_18' title="bbox 451 3003 1641 3097; baseline -0.003 -16"><span class='ocrx_word' id='word_1_88' title='bbox 451 3007 601 3094; x_wconf 90' lang='lat' dir='ltr'><strong>densas,</strong></span> <span class='ocrx_word' id='word_1_89' title='bbox 629 3005 928 3097; x_wconf 78' lang='lat' dir='ltr'><strong>subtetragonaS,</strong></span> <span class='ocrx_word' id='word_1_90' title='bbox 957 3004 1117 3078; x_wconf 86' lang='lat' dir='ltr'><strong>bracteis</strong></span> <span class='ocrx_word' id='word_1_91' title='bbox 1145 3004 1302 3096; x_wconf 75' lang='lat' dir='ltr'><strong>magnis,</strong></span> <span class='ocrx_word' id='word_1_92' title='bbox 1332 3004 1463 3092; x_wconf 83' lang='lat' dir='ltr'><strong>oratis,</strong></span> <span class='ocrx_word' id='word_1_93' title='bbox 1494 3003 1641 3096; x_wconf 74' lang='lat' dir='ltr'><strong>glabris</strong></span> 
     </span>
     <span class='ocr_line' id='line_1_19' title="bbox 450 3130 1641 3229; baseline -0.002 -22"><span class='ocrx_word' id='word_1_94' title='bbox 450 3135 671 3229; x_wconf 86' lang='lat' dir='ltr'><strong>plerumque</strong></span> <span class='ocrx_word' id='word_1_95' title='bbox 703 3132 878 3207; x_wconf 85' lang='lat' dir='ltr'><strong>violaceis</strong></span> <span class='ocrx_word' id='word_1_96' title='bbox 901 3133 1103 3207; x_wconf 90' lang='lat' dir='ltr'><strong>instructas</strong></span> <span class='ocrx_word' id='word_1_97' title='bbox 1137 3131 1240 3205; x_wconf 89' lang='lat' dir='ltr'><strong>etin</strong></span> <span class='ocrx_word' id='word_1_98' title='bbox 1267 3130 1488 3225; x_wconf 84' lang='lat' dir='ltr'><strong>corymbum</strong></span> <span class='ocrx_word' id='word_1_99' title='bbox 1519 3132 1641 3206; x_wconf 90' lang='lat' dir='ltr'><strong>termi-</strong></span> 
     </span>
     <span class='ocr_line' id='line_1_20' title="bbox 450 3259 1640 3355; baseline -0.003 -19"><span class='ocrx_word' id='word_1_100' title='bbox 450 3262 575 3336; x_wconf 89' lang='lat' dir='ltr'><strong>nalem</strong></span> <span class='ocrx_word' id='word_1_101' title='bbox 595 3261 807 3355; x_wconf 86' lang='lat' dir='ltr'><strong>dispositas.</strong></span> <span class='ocrx_word' id='word_1_102' title='bbox 842 3260 945 3335; x_wconf 90' lang='lat' dir='ltr'><strong>Odor</strong></span> <span class='ocrx_word' id='word_1_103' title='bbox 977 3261 1116 3354; x_wconf 91' lang='lat' dir='ltr'><strong>suavis,</strong></span> <span class='ocrx_word' id='word_1_104' title='bbox 1149 3281 1263 3353; x_wconf 90' lang='lat' dir='ltr'><strong>sapor</strong></span> <span class='ocrx_word' id='word_1_105' title='bbox 1281 3259 1518 3348; x_wconf 84' lang='lat' dir='ltr'><strong>aromaticus,</strong></span> <span class='ocrx_word' id='word_1_106' title='bbox 1553 3259 1640 3333; x_wconf 91' lang='lat' dir='ltr'><strong>sub·</strong></span> 
     </span>
     <span class='ocr_line' id='line_1_21' title="bbox 455 3409 616 3464; baseline -0.006 -1"><span class='ocrx_word' id='word_1_107' title='bbox 455 3409 616 3464; x_wconf 90' lang='lat' dir='ltr'><strong>amarus.</strong></span> 
     </span>
    </p>

    <p class='ocr_par' dir='ltr' id='par_1_8' title="bbox 566 3513 1642 3610">
     <span class='ocr_line' id='line_1_22' title="bbox 566 3513 1642 3610; baseline -0.002 -22"><span class='ocrx_word' id='word_1_108' title='bbox 566 3517 641 3591; x_wconf 87' lang='lat'><strong>100</strong></span> <span class='ocrx_word' id='word_1_109' title='bbox 655 3521 782 3610; x_wconf 84' lang='lat' dir='ltr'><strong>partes</strong></span> <span class='ocrx_word' id='word_1_110' title='bbox 797 3538 845 3591; x_wconf 91' lang='lat' dir='ltr'><strong>ne</strong></span> <span class='ocrx_word' id='word_1_111' title='bbox 860 3516 1074 3609; x_wconf 87' lang='lat' dir='ltr'><strong>relinquant</strong></span> <span class='ocrx_word' id='word_1_112' title='bbox 1086 3516 1172 3609; x_wconf 90' lang='lat' dir='ltr'><strong>plus</strong></span> <span class='ocrx_word' id='word_1_113' title='bbox 1188 3537 1303 3609; x_wconf 88' lang='lat' dir='ltr'><strong>quam</strong></span> <span class='ocrx_word' id='word_1_114' title='bbox 1316 3519 1442 3609; x_wconf 80' lang='lat' dir='ltr'><strong>partes</strong></span> <span class='ocrx_word' id='word_1_115' title='bbox 1459 3514 1482 3586; x_wconf 82' lang='lat'>6</span> <span class='ocrx_word' id='word_1_116' title='bbox 1498 3513 1642 3588; x_wconf 87' lang='lat' dir='ltr'><strong>cineris.</strong></span> 
     </span>
    </p>
   </div>
   <div class='ocr_carea' id='block_1_5' title="bbox 807 3877 1290 4048">
    <p class='ocr_par' dir='ltr' id='par_1_9' title="bbox 807 3877 1290 4048">
     <span class='ocr_line' id='line_1_23' title="bbox 807 3877 1290 4048; baseline -0.004 -36"><span class='ocrx_word' id='word_1_117' title='bbox 807 3878 988 4014; x_wconf 86' lang='lat' dir='ltr'><strong>Herba</strong></span> <span class='ocrx_word' id='word_1_118' title='bbox 1018 3877 1290 4048; x_wconf 78' lang='lat' dir='ltr'><strong>Polygoni.</strong></span> 
     </span>
    </p>
   </div>
   <div class='ocr_carea' id='block_1_6' title="bbox 454 4151 1648 4757">
    <p class='ocr_par' dir='ltr' id='par_1_10' title="bbox 454 4151 1648 4757">
     <span class='ocr_line' id='line_1_24' title="bbox 564 4151 1646 4255; baseline -0.003 -26"><span class='ocrx_word' id='word_1_119' title='bbox 564 4155 785 4255; x_wconf 74' lang='lat' dir='ltr'><strong>Polyponum</strong></span> <span class='ocrx_word' id='word_1_120' title='bbox 830 4153 1009 4230; x_wconf 81' lang='lat' dir='ltr'><strong>oviculare</strong></span> <span class='ocrx_word' id='word_1_121' title='bbox 1045 4152 1099 4247; x_wconf 79' lang='lat' dir='ltr'><strong>L.‚</strong></span> <span class='ocrx_word' id='word_1_122' title='bbox 1150 4153 1275 4246; x_wconf 88' lang='lat' dir='ltr'><strong>planta</strong></span> <span class='ocrx_word' id='word_1_123' title='bbox 1319 4173 1445 4227; x_wconf 84' lang='lat' dir='ltr'><strong>annua</strong></span> <span class='ocrx_word' id='word_1_124' title='bbox 1486 4151 1526 4227; x_wconf 91' lang='lat' dir='ltr'><strong>in</strong></span> <span class='ocrx_word' id='word_1_125' title='bbox 1567 4152 1646 4240; x_wconf 84' lang='lat' dir='ltr'><strong>viis,</strong></span> 
     </span>
     <span class='ocr_line' id='line_1_25' title="bbox 454 4280 1645 4380; baseline -0.003 -23"><span class='ocrx_word' id='word_1_126' title='bbox 454 4284 599 4380; x_wconf 88' lang='lat' dir='ltr'><strong>plateis,</strong></span> <span class='ocrx_word' id='word_1_127' title='bbox 634 4284 744 4375; x_wconf 87' lang='lat' dir='ltr'><strong>arvis,</strong></span> <span class='ocrx_word' id='word_1_128' title='bbox 773 4282 892 4374; x_wconf 74' lang='lat' dir='ltr'><strong>tullia,</strong></span> <span class='ocrx_word' id='word_1_129' title='bbox 921 4282 1020 4356; x_wconf 88' lang='lat' dir='ltr'><strong>inter</strong></span> <span class='ocrx_word' id='word_1_130' title='bbox 1048 4286 1195 4375; x_wconf 81' lang='lat' dir='ltr'><strong>segetes</strong></span> <span class='ocrx_word' id='word_1_131' title='bbox 1224 4280 1438 4374; x_wconf 80' lang='lat' dir='ltr'><strong>pinguiores</strong></span> <span class='ocrx_word' id='word_1_132' title='bbox 1470 4281 1645 4373; x_wconf 74' lang='lat' dir='ltr'><strong>uolgatis.</strong></span> 
     </span>
     <span class='ocr_line' id='line_1_26' title="bbox 565 4407 1645 4502; baseline -0.003 -17"><span class='ocrx_word' id='word_1_133' title='bbox 565 4410 689 4485; x_wconf 88' lang='lat' dir='ltr'><strong>Cauiis</strong></span> <span class='ocrx_word' id='word_1_134' title='bbox 746 4415 909 4499; x_wconf 88' lang='lat' dir='ltr'><strong>erectus,</strong></span> <span class='ocrx_word' id='word_1_135' title='bbox 968 4409 1205 4484; x_wconf 85' lang='lat' dir='ltr'><strong>adscendens</strong></span> <span class='ocrx_word' id='word_1_136' title='bbox 1262 4411 1327 4481; x_wconf 91' lang='lat' dir='ltr'><strong>aut</strong></span> <span class='ocrx_word' id='word_1_137' title='bbox 1379 4407 1645 4502; x_wconf 87' lang='lat' dir='ltr'><strong>procumbens,</strong></span> 
     </span>
     <span class='ocr_line' id='line_1_27' title="bbox 456 4535 1645 4627; baseline -0.003 -15"><span class='ocrx_word' id='word_1_138' title='bbox 456 4559 631 4612; x_wconf 91' lang='lat' dir='ltr'><strong>ramosus</strong></span> <span class='ocrx_word' id='word_1_139' title='bbox 677 4539 735 4613; x_wconf 88' lang='lat' dir='ltr'><strong>vei</strong></span> <span class='ocrx_word' id='word_1_140' title='bbox 778 4536 1061 4611; x_wconf 89' lang='lat' dir='ltr'><strong>ramosissimus</strong></span> <span class='ocrx_word' id='word_1_141' title='bbox 1107 4541 1206 4609; x_wconf 89' lang='lat' dir='ltr'><strong>teres</strong></span> <span class='ocrx_word' id='word_1_142' title='bbox 1250 4539 1314 4607; x_wconf 89' lang='lat' dir='ltr'><strong>aut</strong></span> <span class='ocrx_word' id='word_1_143' title='bbox 1360 4535 1645 4627; x_wconf 78' lang='lat' dir='ltr'><strong>subaugulatus,</strong></span> 
     </span>
     <span class='ocr_line' id='line_1_28' title="bbox 458 4661 1648 4757; baseline -0.004 -18"><span class='ocrx_word' id='word_1_144' title='bbox 458 4664 626 4755; x_wconf 61' lang='lat' dir='ltr'><strong>strictum</strong></span> <span class='ocrx_word' id='word_1_145' title='bbox 682 4664 772 4740; x_wconf 87' lang='lat' dir='ltr'><strong>folia</strong></span> <span class='ocrx_word' id='word_1_146' title='bbox 835 4665 980 4738; x_wconf 87' lang='lat' dir='ltr'><strong>alterna</strong></span> <span class='ocrx_word' id='word_1_147' title='bbox 1039 4662 1207 4757; x_wconf 82' lang='lat' dir='ltr'><strong>eiliptica,</strong></span> <span class='ocrx_word' id='word_1_148' title='bbox 1256 4661 1648 4755; x_wconf 83' lang='lat' dir='ltr'><strong>eiliptico-lanoeoiata,</strong></span> 
     </span>
    </p>
   </div>
   <div class='ocr_carea' id='block_1_7' title="bbox 0 0 1872 5400">
    <p class='ocr_par' dir='ltr' id='par_1_11' title="bbox 0 0 1872 5400">
     <span class='ocr_line' id='line_1_29' title="bbox 0 0 1872 5400; baseline 0 0"><span class='ocrx_word' id='word_1_149' title='bbox 0 0 1872 5400; x_wconf 95' lang='lat' dir='ltr'><strong> </strong></span> 
     </span>
    </p>
   </div>
  </div>
 </body>
</html>
