3725 5400
892 497 1133 569 —260—
1266 558 1268 560 ,

523 720 667 792 Versus
684 717 876 809 reagema
894 737 937 789 se
955 714 1131 804 habeant,
1151 720 1194 787 ut
1212 715 1258 787 de
1274 714 1433 805 singulis
1445 714 1490 787 in·
1506 719 1610 787 textu

416 848 743 942 pharmacopoeae
776 849 948 918 notatum
977 846 1034 917 est
1067 863 1112 915 ao
1148 841 1405 934 respondeant
1451 862 1608 917 numero

417 974 647 1069 praescripto
668 971 988 1066 saponificationis
1008 974 1045 1043 et
1063 969 1150 1042 iodi.

529 1100 642 1175 Gutta
675 1100 747 1174 olei
778 1099 926 1193 pinguis
964 1098 1004 1171 in
1042 1097 1211 1171 chartam
1247 1096 1417 1170 bibulam
1454 1094 1613 1187 delapsa

417 1229 605 1302 maculam
623 1229 803 1322 pinguem
821 1226 1007 1320 relinquit.

525 1356 586 1430 Ad
635 1353 878 1430 statuendum
932 1374 1162 1427 numerum
1218 1349 1612 1446 saponificationis

419 1485 546 1577 ingere
570 1484 610 1557 in
630 1482 859 1556 cucurbitam
890 1481 1048 1553 vitream
1079 1479 1279 1553 voluminis
1310 1479 1612 1552 centimetrorum

419 1612 639 1688 cubicorum
661 1611 737 1682 100
767 1613 977 1701 grammata
1006 1607 1030 1680 2
1059 1606 1298 1700 pinguedinis
1331 1583 1613 1693 examinandae,

419 1740 519 1813 adde
568 1737 786 1812 centimetra
837 1735 969 1808 cubica
1013 1734 1064 1807 bt)
1105 1734 1302 1807 solutionis
1349 1733 1435 1806 kalii
1476 1732 1612 1824 hydro-

421 1866 571 1958 oxydati
600 1864 825 1959 spirituosae
858 1861 1134 1936 seminormalis
1174 1867 1209 1934 et
1241 1861 1380 1934 calefac
1413 1882 1480 1954 per
1504 1859 1613 1934 semi·

420 1995 555 2068 horam
591 1993 631 2065 in
669 1990 805 2065 balneo
844 2011 980 2083 aquam,
1027 1989 1210 2063 adhibens
1249 1993 1471 2082 apparatum
1512 1986 1614 2060 refri-

422 2120 662 2214 geratorium.
695 2118 787 2191 Post
818 2116 1138 2209 refrigerationem
1174 2118 1270 2205 titre,
1310 2115 1464 2190 adiectis
1502 2115 1614 2208 guttis

422 2247 613 2322 nonnullis
642 2244 839 2319 solutionis
867 2243 1189 2338 phenolphtaleini
1222 2265 1309 2317 cum
1337 2242 1446 2317 acido
1479 2243 1615 2336 hydro-

422 2374 585 2448 chlorico
606 2372 861 2447 seminormali
880 2392 1000 2464 usque
1021 2371 1069 2445 ad
1090 2372 1405 2445 decolorationem
1417 2371 1614 2444 miscellae.

532 2501 733 2574 Rationem
751 2499 897 2573 numeri
917 2499 1238 2592 saponiiicationis
1258 2501 1375 2588 ineas,
1398 2497 1616 2571 centimetra

424 2629 557 2706 cubica
594 2625 791 2701 solutionis
829 2626 915 2700 kalii
951 2625 1225 2719 hydrooxydati
1262 2624 1537 2700 seminormalis
1566 2624 1614 2699 ad

422 2756 769 2852 saponificationem
800 2759 1027 2848 consumpta
1041 2765 1047 2780 '
1063 2754 1342 2849 multiplicando
1381 2775 1468 2827 cum
1498 2753 1548 2825 aa
1579 2756 1615 2826 et

422 2905 613 2960 summam
644 2883 730 2957 hinc
764 2887 915 2956 enatam
943 2882 1143 2955 dividendo
1177 2882 1343 2976 pondere
1377 2880 1614 2976 pinguedinis

422 3013 622 3087 adhibitae.
658 3011 846 3084 Numerus
878 3012 952 3083 hoc
981 3010 1096 3083 modo
1129 3015 1300 3104 repertus
1347 3051 1399 3061 —
1433 3029 1613 3082 numerus

422 3139 741 3236 saponificationis
762 3179 814 3190 —-
833 3138 973 3211 indicat
1000 3137 1246 3230 quantitatem
1274 3137 1615 3228 milligrammatum

421 3268 507 3341 kalii
525 3265 801 3360 hydrcoxydati
820 3265 869 3339 ad
888 3266 1092 3358 perfectam
1121 3261 1470 3360 saponificationem
1495 3284 1615 3357 gram·

420 3396 533 3469 matis
553 3393 790 3489 pinguedinis
812 3391 1028 3466 adhibitam.

530 3521 589 3595 Ad
629 3519 872 3594 statuendum
922 3540 1176 3598 numerum
1227 3520 1330 3593 iodi
1376 3521 1479 3593 solve
1517 3517 1614 3591 deci-

422 3651 633 3742 grammata
663 3645 767 3719 3—5
778 3645 1015 3739 pinguedinis
1032 3688 1084 3699 -·
1104 3647 1172 3720 sed
1188 3645 1292 3740 quod
1311 3647 1442 3721 attinet
1466 3647 1514 3719 ad
1533 3645 1617 3719 olea
1718 3727 1720 3732 ¹

423 3774 649 3849 exsiccantia
669 3772 960 3864 decigrammata
994 3774 1016 3845 b
1039 3815 1090 3826 —-
1109 3774 1248 3848 trutina
1267 3779 1395 3848 exacte
1416 3774 1617 3847 constituta

423 3904 462 3974 in
489 3903 625 3993 lagena
644 3900 842 3995 epistoruio
861 3900 979 3973 vitreo
998 3903 1142 3975 munita
1158 3903 1361 3976 voluminis
1382 3902 1615 3976 centimetro-

422 4051 509 4102 rum
541 4030 758 4102 cubicorum
792 4029 870 4100 300
901 4029 943 4101 in
975 4029 1201 4103 centimetris
1227 4030 1365 4104 cubicis
1403 4032 1451 4103 15
1472 4029 1615 4103 chloro·

422 4157 558 4247 formii,
588 4156 686 4229 adde
716 4156 934 4229 centimetra
962 4157 1093 4229 cubica
1122 4158 1172 4231 25
1202 4158 1400 4232 solutionis
1429 4158 1506 4232 iodi
1530 4181 1615 4233 curn

374 4350 379 4360 .
422 4286 656 4378 hydrargyro
694 4283 903 4357 bichlorato
938 4285 1129 4359 corrosiva
1163 4286 1401 4361 exactissime
1437 4288 1615 4374 dimrsm,

423 4432 640 4505 conquassat
660 4415 697 4484 et
715 4432 856 4504 sepone
874 4416 1129 4505 temperatura
1148 4419 1331 4488 commeta
1349 4415 1432 4488 luca
1448 4414 1619 4508 dispersa

424 4562 491 4634 per
509 4541 624 4612 horas
647 4540 682 4626 6,
714 4539 816 4630 quod
836 4540 966 4613 attinet
994 4539 1042 4613 ad
1071 4541 1153 4614 olea
1172 4541 1399 4637 exsiccantia
1415 4564 1484 4636 per
1501 4542 1617 4616 horas

427 4667 489 4738 td.
529 4667 628 4740 Tum
648 4667 813 4741 admisce
843 4668 1060 4741 centimetra
1084 4669 1214 4743 cubica
1234 4670 1285 4742 20
1316 4671 1513 4744 solutionis
1533 4671 1618 4746 kalii
