3725 5400
900 442 1144 514 -301-

425 656 588 731 0100111111
616 662 734 732 strato
763 657 922 752 simplici
947 659 1227 733 endodermidis
1248 682 1268 733 e
1289 661 1431 734 cellulis
1450 659 1560 734 valde
1585 670 1622 736 et

423 784 667 878 inaequaliter
711 784 931 859 incrassatis
980 790 1017 859 et
1032 791 1140 860 extus
1184 787 1456 862 circumdatum
1499 793 1616 864 strato

426 910 590 985 corticali
608 911 706 1002 albo,
723 915 847 1004 amylo
868 919 1031 987 carente.

533 1038 714 1115 Fodiatur
731 1040 902 1115 rhizoma
920 1041 1068 1135 saporis
1088 1017 1283 1115 subdulcis
1298 1064 1396 1135 vere,
1416 1048 1620 1136 antequam

425 1166 539 1239 01111111
565 1166 770 1259 prodierint
794 1173 830 1241 et
847 1167 1003 1241 resectis
1024 1167 1215 1242 radicibus
1235 1169 1417 1243 siccatum
1438 1176 1617 1244 servetur.

422 1291 465 1365 In
483 1299 696 1367 mercatura
713 1294 858 1387 vulgari
875 1295 1096 1389 plerumque
1115 1297 1286 1390 provenit
1305 1297 1509 1372 concisum.

536 1422 611 1494 100
642 1421 721 1496 eius
749 1428 877 1516 partes
909 1444 958 1496 110
991 1423 1117 1496 minus
1151 1445 1265 1516 quam
1296 1428 1424 1517 partes
1459 1425 1617 1498 30-35

424 1547 576 1621 extracti
596 1548 731 1642 aquosi
748 1548 965 1643 praebeant
991 1549 1134 1623 Eadem
1153 1551 1343 1643 quantitas
1363 1551 1498 1624 mercis
1519 1574 1618 1626 com·

423 1674 536 1749 busta
553 1697 601 1749 ne
620 1676 706 1770 plus
726 1698 841 1769 quam
859 1682 986 1770 partes
1008 1679 1030 1751 3
1051 1677 1185 1750 cineris
1205 1676 1318 1770 grisei
1336 1678 1530 1771 relinquat.

568 2000 864 2114 Ram
898 2002 1468 2138 manasedais.

793 2171 991 2252 alrzoma
1016 2171 1247 2276 Hydrastis.

532 2312 725 2410 Hydrostis
749 2310 968 2385 Cancdensis
994 2312 1046 2401 L„
1076 2313 1205 2406 planta
1227 2314 1403 2406 perennis
1424 2314 1617 2388 Americae

424 2442 597 2515 borealis.

533 2567 717 2641 Rhizoma
732 2568 927 2660 obliquum
943 2574 1007 2641 aut
1024 2568 1266 2657 horizontale,
1287 2568 1467 2641 siccatum
1488 2589 1617 2642 arcua-

425 2702 516 2786 tum,
565 2696 788 2786 flexuosum,
838 2695 984 2791 passim
1026 2696 1332 2785 subtuberosum‚
1371 2697 1477 2769 4-5
1508 2694 1619 2770 centi-

426 2827 545 2896 metra
573 2824 742 2917 longum,
782 2824 917 2897 4-10
947 2823 1157 2897 millimetra
1190 2843 1372 2909 crassum,
1406 2822 1618 2916 multiceps·

425 2971 619 3024 ramosum
670 2951 786 3024 ramis
841 2950 1019 3024 brevibus
1078 2971 1232 3024 sursum
1285 2949 1453 3022 cicatrice
1501 2949 1618 3023 cardis

426 3078 626 3167 excavatis,
675 3078 983 3165 subannulatum,
1036 3077 1204 3169 undique
1252 3076 1426 3150 emittens
1473 3076 1619 3150 radices

426 3208 560 3278 tenues
600 3204 752 3297 fragiles
792 3225 1002 3297 eorumque
1034 3204 1200 3296 reliquiis
1238 3204 1277 3276 in
1316 3203 1514 3296 superficie
1552 3225 1621 3297 per

426 3331 699 3422 longitudinem
721 3355 863 3425 rugosa
887 3332 1048 3405 obscure
1068 3331 1176 3405 lusca
1195 3331 1407 3424 gibbosum,
1429 3353 1618 3425 asperum,

426 3457 598 3549 rigidum,
629 3459 778 3550 durum,
809 3461 847 3532 in
876 3461 1040 3532 tractura
1064 3459 1285 3551 subaequali
1309 3478 1449 3532 cornea
1466 3458 1618 3545 flavum,

426 3583 464 3656 in
484 3585 649 3659 sectione
668 3592 886 3662 transversa
906 3587 1044 3660 circulo
1065 3608 1085 3659 0
1104 3585 1294 3659 nonnullis
1320 3585 1410 3678 ligni
1433 3584 1620 3658 fasciculis

426 3713 646 3806 plerumque
662 3714 967 3803 cuneiiormibus‚
985 3713 1166 3805 angustis,
1187 3713 1352 3801 remotis,
1368 3711 1513 3806 passim
1531 3732 1620 3785 vero

428 3840 693 3934 approximatis
714 3842 874 3916 obscure
889 3841 1007 3913 fuscis
1026 3840 1121 3914 inter
1136 3840 1311 3914 corticem
1327 3839 1622 3912 crassiusculum

428 3973 464 4038 et
483 3966 686 4040 medullam
706 3967 962 4041 orbicularem.
1405 4052 1421 4091 ι

536 4094 689 4188 Saporis
725 4100 784 4168 est
815 4094 1153 4184 nauseosocmari,
1194 4093 1429 4167 masticando
1464 4094 1622 4168 salivam

429 4222 552 4294 colore
571 4223 669 4297 flavo
689 4223 851 4314 tingens.

537 4348 660 4424 Sectio
689 4355 907 4424 transversa
935 4350 1107 4423 radicum
1140 4348 1289 4422 exhibet
1307 4347 1530 4422 fasciculum
1558 4368 1623 4420 va·

429 4498 561 4550 sorum
592 4477 784 4568 ramalem,
814 4477 1044 4571 pericambio
1065 4481 1101 4550 ot
1121 4476 1391 4550 endodermide
1426 4498 1446 4549 0
1480 4476 1622 4549 cellulis

428 4603 669 4696 leptodermis
694 4605 887 4679 uniseriali
907 4605 1080 4678 cinctum.
1105 4603 1147 4676 ln
1171 4603 1476 4697 parenchymate,
1499 4603 1622 4697 amylo
