3725 5400
263 4021 272 4040 ἢ
412 3944 498 4019 3113
522 3940 706 4020 3113111133
735 3941 959 4045 peritorum
1001 3965 1105 4019 anno

896 440 1108 514 ..XX-

406 661 623 765 specialem
669 664 720 741 ad
758 662 881 743 finem
931 664 1020 744 libri
1067 668 1214 745 collata
1265 675 1362 749 sunt
1415 652 1632 776 exeeptis

404 825 492 918 illis,
515 850 619 929 quae
645 826 796 906 sistunt
826 828 991 907 nomina
1022 829 1255 933 principalia
1287 832 1473 915 editionis
1495 835 1598 930 VIL,

405 988 585 1070 nuncin
617 989 792 1070 editione
819 990 930 1071 VIII.
963 993 1050 1073 aliis
1082 995 1474 1078 denominationibus
1506 1025 1598 1104 sup-

405 1154 525 1257 pieta.

513 1320 784 1424 Apparatus
801 1322 1096 1426 reagentium
1113 1326 1203 1402 tum
1222 1326 1355 1428 quoad
1372 1326 1598 1405 iunctiones

408 1482 624 1575 chemicas,
677 1508 780 1586 quae
826 1485 979 1587 analysi
998 1444 1000 1446 .
1022 1486 1254 1581 inserviunt,
1298 1512 1423 1593 quum
1467 1491 1600 1592 quoad

408 1646 595 1725 utensilia
618 1652 659 1725 ct
680 1648 962 1741 instrumenta,
994 1675 1097 1754 quae
1121 1651 1173 1729 ad
1196 1652 1481 1754 persolvendas
1505 1677 1599 1731 exa-

409 1810 651 1890 minationes
675 1812 927 1905 adhibentur,
951 1838 1195 1918 magnopere
1218 1815 1356 1921 augeri
1375 1839 1478 1919 opus
1500 1821 1599 1908 erat,

409 1974 503 2075 quia
524 1975 684 2053 nonnisi
705 1974 770 2053 his
801 1976 1053 2056 adminiculis
1076 1978 1344 2057 medicamina
1374 1980 1600 2058 secundum

409 2160 583 2229 11311333,
614 2138 655 2216 111
687 2138 1018 2241 Pharmacopoea
1049 2141 1255 2243 expositas
1288 2143 1533 2245 perscrutari
1560 2149 1602 2223 31

408 2301 587 2405 indagari
610 2306 791 2405 possunt.

519 2463 873 2569 Pharmacopoeae
896 2467 1081 2546 adnexa
1107 2476 1203 2547 sunt
1233 2470 1407 2562 tabulae,
1438 2469 1598 2574 regulas

410 2633 532 2734 atque
566 2634 784 2734 praecepta
816 2629 1068 2723 exhibentes,
1107 2638 1228 2735 prout
1260 2632 1527 2714 medicamina
1558 2633 1601 2712 iu

412 2793 582 2873 officinis
605 2794 837 2886 ordinanda,
865 2796 1064 2875 servanda
1087 2800 1129 2875 et
1153 2796 1424 2898 dispensanda
1455 2797 1601 2876 sivein

411 2982 491 3060 qua
512 2958 601 3036 dosi
624 2958 875 3059 expedienda
902 2958 994 3036 sint.
1024 2959 1101 3038 His
1123 2960 1277 3039 normis
1300 2961 1463 3039 obedire
1486 2960 1602 3049 phar·

410 3121 621 3225 macopola
643 3123 730 3225 lege
754 3122 973 3203 obstrictus
998 3129 1072 3201 ost.

517 3284 690 3389 Insuper
741 3286 782 3363 111
826 3287 905 3365 fine
960 3287 1192 3389 appendicis
1246 3292 1462 3391 congestae
1507 3291 1604 3366 sunt

410 3449 582 3542 tabulae,
622 3473 794 3553 quarum
834 3451 962 3530 altera
1003 3450 1170 3529 exhibet
1208 3451 1388 3554 pondera
1428 3449 1604 3530 atomica

412 3635 628 3716 corporum
665 3613 944 3716 principalium
976 3614 1219 3718 simplicium
1254 3615 1479 3694 seeundum
1514 3638 1604 3692 3311-

152 3875 157 3888 ·
253 3767 260 3794 ¹
411 3776 583 3855 1311113111
614 3776 910 3856 commissionis
966 3724 1217 4020 331113131ξῖ3
1261 3775 1529 3857 Germanicae
1560 3776 1601 3855 in

1191 3940 1303 4022 CMV
1344 3941 1602 4032 constitutae,

413 4104 540 4183 altera
571 4108 709 4183 autem
742 4104 862 4183 docet
883 4104 1063 4206 pondera
1084 4104 1344 4184 moleeularia
1386 4125 1602 4206 corporum

413 4267 731 4372 compositorum
751 4268 793 4346 in
815 4268 1191 4370 Pharmacopoeam
1213 4272 1480 4369 receptarum.
