3725 5400
913 485 1147 559 -218-

546 701 744 778 Contineat
777 702 818 778 in
859 704 935 777 100
971 702 1140 799 partibus
1180 708 1309 798 partes
1348 704 1370 777 3
1405 703 1626 798 hydrogenii

439 830 717 926 hyperoxydaii,
752 836 982 926 quapropter
1013 831 1232 906 centimetra
1263 830 1395 906 cubica
1427 830 1464 922 h,
1498 830 1625 905 addito

439 958 546 1033 acido
579 958 757 1033 sullanico
792 958 907 1032 diluto
950 958 1148 1033 solutionis
1184 958 1270 1033 kah'i
1296 957 1627 1053 hypermanganici

437 1087 702 1161 volumetricae
734 1087 952 1162 centimetra
987 1086 1118 1161 cubica
1152 1086 1202 1160 35
1236 1091 1472 1177 consumant,
1507 1087 1627 1160 donec

438 1213 563 1313 hquor
580 1214 745 1289 colorem
763 1215 920 1289 rubrum
938 1215 1201 1311 persistentem
1219 1214 1381 1311 recipiat

548 1341 724 1417 Servetur
740 1343 780 1416 in
797 1363 888 1418 vase
906 1342 981 1419 luci
999 1343 1189 1438 impervia.

738 1632 1027 1805 Hydronel
1054 1634 1330 1770 hiantum

441 1873 517 1967 Rp:
550 1876 803 1948 lnhmldennaa
822 1894 896 1948 can
913 1875 1032 1948 limna
1374 1878 1496 1969 partes
1593 1874 1615 1947 3

550 2002 819 2094 sarapthenam
839 2002 1050 2076 camllanna
1356 2005 1496 2097 portem
1596 2001 1628 2074 1.

514 2127 637 2203 Misce.

549 2258 688 2353 Liqnor
714 2256 891 2351 limpidus
917 2256 1053 2331 coloris
1078 2256 1181 2348 disci,
1212 2257 1359 2350 saporis
1383 2257 1511 2346 dulcia,
1535 2279 1628 2350 pon·

443 2385 542 2460 deris
561 2384 725 2480 specifici
744 2384 990 2458 1·10-1·15.

850 2635 1225 2810 ichthyocolla.

550 2878 761 2974 Accipeauer
795 2877 896 2951 Haeo
929 2880 984 2969 L.,
1031 2878 1238 2975 Accipenecr
1273 2878 1432 2953 saliatur
1467 2879 1632 2969 Pallas

443 3006 652 3102 Accipeaaer
678 3004 856 3079 Ruthcnue
873 3007 928 3096 L.‚
964 3006 1134 3100 aliaeqm
1162 3008 1305 3100 species
1331 3006 1633 3101 Accipenserum,

443 3136 580 3230 pisces,
612 3135 676 3228 qui
703 3155 808 3209 mare
831 3135 990 3227 nigrum,
1019 3133 1232 3229 Caspicum,
1262 3135 1493 3229 fluminaque
1522 3134 1561 3208 in
1589 3155 1635 3208 ea

445 3283 566 3356 aquas
584 3253 816 3337 ‘annuentis
834 3262 1056 3337 inhabitant.

551 3388 687 3463 Vesica
708 3390 905 3480 natatoria,
934 3390 1060 3464 tunica
1080 3390 1262 3464 exteriore
1286 3391 1420 3464 orbata
1438 3395 1477 3464 et
1498 3390 1636 3464 siccata

444 3517 483 3591 in
524 3517 682 3591 lamehis
725 3517 1044 3607 subdecoloribus,
1083 3517 1295 3612 diaphaniS‚
1339 3516 1634 3607 iridescentihuS,

444 3644 705 3735 tenacissimis,
721 3644 916 3736 flexilibus,
930 3644 1269 3735 limoso-foliaceiS,
1285 3664 1353 3739 per
1365 3644 1637 3737 longitudinem

444 3769 636 3862 fissilibus
654 3770 831 3863 madoris,
849 3771 1031 3866 insipidis,

552 3897 808 3992 ichthyocolla
842 3899 882 3973 in
920 3921 1021 3993 aqua
1054 3902 1259 3994 aequaliter
1295 3899 1481 3990 tumescit,
1515 3899 1638 3973 evadit

445 4026 683 4120 impellucida
716 4033 752 4101 et
781 4027 916 4101 coloris
946 4026 1034 4116 albi;
1068 4027 1107 4102 in
1140 4049 1240 4121 aqua
1267 4032 1304 4102 et
1332 4027 1372 4101 in
1406 4027 1537 4120 spin'tu
1563 4025 1638 4099 vini

446 4154 625 4228 calefacta
656 4175 702 4228 ex
733 4158 813 4228 toto
846 4156 921 4229 fere
955 4156 1111 4229 solvitur
1146 4155 1186 4229 in
1216 4154 1401 4249 hquorem
1433 4153 1638 4228 admodum

446 4282 703 4375 glutinantem,
724 4281 789 4375 qui
817 4288 1079 4357 concentratus
1109 4287 1145 4357 et
1171 4282 1413 4376 refrigeratus
1437 4281 1636 4374 gelatinam

447 4409 612 4504 spissam
628 4410 796 4505 praebet.

552 4536 807 4632 Ichthyocolla
848 4538 1048 4613 combusta
1087 4559 1135 4613 ne
1167 4537 1253 4631 plus
1293 4559 1406 4632 quam
1446 4543 1576 4632 partes
1615 4539 1638 4609 8

448 4664 581 4741 cineris
602 4686 705 4739 mere
725 4664 800 4739 albi
818 4687 838 4739 e
856 4665 1024 4760 partibus
1047 4666 1124 4739 100
1142 4663 1339 4758 relinquat.
