3725 5400
909 468 1124 541 ..20-

417 689 615 783 coquendo
634 688 886 764 sedimentum
905 686 1156 780 gelatinosum
1175 684 1349 775 demittit,
1380 683 1484 776 quod
1511 684 1614 758 refri-

417 818 583 910 gerando
602 817 739 891 iterum
757 814 926 889 solvitur.

526 942 669 1017 Salutio
686 963 834 1036 aquosa
848 942 884 1038 (1
902 971 951 1006 =
968 940 1030 1037 10)
1048 940 1299 1015 solutionibus
1321 960 1393 1013 nec
1414 939 1518 1012 calcii
1536 940 1612 1012 sul·

415 1071 535 1161 iurici,
554 1092 626 1145 nec
644 1070 750 1161 barli
767 1069 900 1159 uitrici,
924 1089 995 1142 nec
1019 1067 1210 1141 ammonia
1231 1071 1403 1141 saturata
1422 1066 1613 1141 ammonio

418 1198 561 1273 oxalico
580 1198 763 1272 turbetur.

524 1323 951 1418 Aquahydrosulfurata
963 1322 1003 1395 iu
1013 1321 1200 1396 solutione
1216 1324 1461 1396 concentrata
1471 1320 1506 1413 (1
1515 1351 1564 1385 .-.
1575 1321 1613 1412 l)

417 1475 488 1527 nec
516 1453 690 1541 colorem,
723 1471 793 1525 uec
827 1450 1078 1524 sedimentum
1105 1449 1382 1540 fusco-nigrum
1403 1446 1464 1522 vel
1483 1468 1613 1540 super·

417 1580 544 1656 addita
563 1579 755 1655 ammonia
772 1578 966 1672 producat

525 1707 824 1799 Decigrammata
843 1706 866 1778 5
883 1704 990 1779 Acidi
1017 1704 1179 1779 tartariei
1199 1703 1397 1777 combusta
1422 1701 1615 1777 residuum

417 1834 659 1930 ponderabile
678 1855 727 1908 ne
746 1834 969 1927 relinquent

805 2157 990 2363 diepa
1021 2193 1216 2325 Lanae.

743 2419 986 2501 Lanolinum
1007 2417 1287 2520 enhydricum.

525 2597 654 2671 Massa
679 2597 896 2690 unguinosa
922 2595 1045 2669 albide
1086 2596 1303 2683 flavescens,
1339 2593 1467 2668 odoris
1502 2591 1615 2664 lenis·

417 2728 512 2816 simi,
532 2732 786 2819 temperatura
813 2727 888 2798 40Ο
925 2726 1150 2818 liquescens
1186 2723 1360 2797 solubilis
1394 2721 1434 2794 in
1462 2720 1616 2794 aethere

418 2860 454 2929 et
478 2854 739 2928 chloroioimio
768 2875 846 2927 non
873 2853 911 2926 iu
942 2874 1051 2945 aqua,
1082 2872 1180 2943 quae
1210 2872 1298 2924 cum
1328 2850 1469 2922 maiore
1500 2868 1616 2940 quam

416 2982 553 3075 duplici
572 2981 739 3074 pondere
760 3003 882 3073 aquae
906 2982 1023 3054 mixta
1046 2977 1332 3052 consistentiam
1361 2977 1618 3068 unguinosam

419 3114 631 3184 conservat.

527 3236 669 3310 Solutio
701 3235 832 3329 Adipis
864 3235 1003 3323 Lanae,
1025 3255 1096 3327 ope
1135 3231 1389 3306 chloroiormii
1422 3231 1456 3323 (1
1481 3260 1530 3293 =
1549 3229 1614 3318 50)

418 3364 551 3438 effecta
589 3363 695 3436 acido
744 3362 922 3435 sulfurieo
962 3365 1202 3434 concentrato
1243 3359 1445 3452 superfusa
1481 3376 1616 3433 zonam

417 3490 680 3568 intermediam
697 3490 793 3563 laete
814 3489 1093 3562 fusco-rubram
1111 3487 1276 3581 praebet.

529 3617 744 3691 Grammata
760 3617 783 3690 l
799 3615 931 3709 Adipis
950 3617 1088 3704 Lanae,
1109 3616 1148 3689 in
1167 3615 1394 3688 centimetris
1415 3613 1553 3688 cubicis
1568 3615 1617 3688 10

420 3744 580 3819 aetheris
613 3745 747 3833 soluta,
796 3744 934 3817 additis
981 3743 1093 3834 guttis
1141 3743 1163 3815 0
1209 3742 1410 3815 solutionis
1459 3742 1615 3834 phenol-

420 3872 623 3965 phtbaleini
663 3871 849 3945 decoloria
885 3875 1142 3962 permaneant,
1185 3869 1431 3961 superaddita
1470 3868 1615 3944 decima

421 4004 528 4092 parte
548 3999 751 4072 centimetri
779 3998 899 4071 cubici
927 3998 1125 4071 solutionis
1150 3997 1426 4071 acidimetricae
1446 3996 1615 4070 decinor·

420 4126 528 4198 malis
548 4126 713 4198 colorem
731 4127 886 4200 rubrum
904 4125 1075 4200 induant.

528 4253 659 4345 Adipis
678 4253 805 4325 Lanae
824 4256 1034 4345 grammata
1057 4252 1104 4324 10
1122 4273 1208 4325 cum
1229 4251 1406 4343 grammis
1427 4250 1478 4324 50
1495 4272 1615 4343 aquae

420 4381 459 4454 in
496 4380 632 4453 balneo
679 4400 801 4473 aquae
849 4380 1003 4452 assidue
1050 4378 1225 4471 agitando
1271 4380 1482 4471 liquefacta,
1531 4378 1617 4452 dein

420 4507 639 4599 refrigerata
671 4511 829 4580 stratum
861 4507 1130 4599 pinguiuosum
1164 4506 1297 4580 leniter
1320 4506 1616 4580 alnido-flavum

424 4656 524 4727 equa
542 4634 689 4728 privum
708 4655 824 4726 supra
850 4634 1036 4726 liquorem
1059 4653 1246 4725 aquosum
1269 4634 1466 4728 limpidum
1494 4634 1617 4709 seiun-
