3725 5400
935 464 1151 537 ..15-

715 676 943 814 Aridum
972 678 1374 853 pyrogallievm.

886 905 1194 1010 Pyrogallolum.

493 1058 497 1062 ’
551 1062 739 1137 lamellae
753 1063 814 1136 vel
833 1084 924 1137 auis
943 1063 1053 1138 albae
1070 1064 1221 1155 nitidae,
1240 1065 1467 1159 levissimae,
1486 1071 1635 1163 saporis

444 1191 570 1286 asperi
612 1194 750 1285 postea
793 1190 932 1279 amari3
978 1194 1232 1285 temperatius
1272 1194 1372 1268 130ο
1412 1195 1635 1289 liqrsesetmt,

442 1318 667 1393 fervefactae
686 1317 893 1391 sublimant
909 1318 990 1391 sine
1007 1318 1172 1393 residuo.

551 1445 800 1520 Solvvmturin
808 1444 978 1538 partibus
993 1446 1052 1518 1·7
1062 1467 1182 1539 aquae
1193 1447 1242 1521 ad
1251 1447 1435 1541 liquorem
1442 1449 1636 1544 limpidum

442 1573 655 1649 deoolorem
693 1572 773 1646 fere
811 1576 998 1662 neutrum,
1040 1573 1106 1666 qui
1145 1573 1225 1647 aeri
1262 1576 1456 1668 expositus
1492 1579 1633 1652 sensim

441 1703 609 1776 colorem
626 1702 775 1775 fuscum
792 1701 1075 1776 strenationem
1094 1701 1242 1775 acidam
1262 1703 1405 1797 accipit
1423 1703 1465 1779 In
1479 1705 1633 1799 spiritus

440 1830 517 1904 vini
534 1833 641 1924 parte
665 1830 699 1918 1,
718 1827 759 1902 in
777 1827 942 1902 aetheris
966 1829 1025 1901 lu
1045 1829 1236 1903 solubiles,

547 1956 660 2049 Aqua
685 1954 798 2029 caleis
831 1976 918 2029 eum
955 1954 1073 2029 Acido
1105 1956 1331 2049 pymgallico
1376 1966 1632 2052 oonquassala

439 2084 558 2179 primo
587 2082 750 2157 colorem
777 2082 985 2156 violaceum
1012 2082 1143 2173 induit,
1170 2085 1240 2157 sed
1266 2106 1368 2175 mox,
1400 2085 1492 2161 dum
1508 2087 1634 2179 liquor

439 2212 638 2286 flocculose
657 2210 830 2284 turbatur
848 2211 1013 2283 colorem
1033 2233 1052 2284 e
1071 2211 1179 2284 fusco
1199 2211 1359 2304 nigrum.

548 2336 690 2412 Salutio
729 2357 874 2430 aquosa
905 2335 1012 2409 Aeidi
1044 2337 1260 2430 pyrogallici
1294 2344 1465 2413 recenter
1495 2346 1630 2433 parata

439 2467 623 2542 solutione
637 2464 723 2539 ferri
733 2463 901 2549 sulfurici
909 2470 1078 2538 recenter
1086 2469 1217 2557 parata
1227 2467 1392 2540 colorem
1405 2468 1629 2558 canuleum,

437 2596 536 2669 ferro
552 2592 851 2686 sesquiehlorato
867 2592 992 2665 soluto
1006 2591 1172 2667 colorem
1185 2613 1206 2665 e
1224 2592 1331 2667 fvrsco
1346 2593 1502 2669 rubrum
1515 2596 1626 2671 duait

546 2722 589 2796 In
616 2720 801 2796 solutione
819 2720 964 2813 argenti
982 2720 1102 2793 uitrici
1119 2719 1235 2794 lado
1252 2721 1479 2815 pyrugalliso
1499 2745 1630 2816 ergen-

437 2859 519 2927 tum
536 2849 764 2924 metallicum
781 2848 1016 2941 disiungitur.

545 2977 722 3052 Servetur
739 2975 778 3049 in
796 2997 887 3049 vase
905 2976 1037 3049 clauso
1056 2975 1131 3049 luci
1148 2975 1339 3069 impervia.

733 3263 960 3400 Aridum
989 3263 1337 3433 salieylievrn.

545 3486 716 3580 Crystalli
748 3485 955 3560 aniculares
988 3486 1109 3574 albae,
1137 3485 1216 3558 sive
1239 3483 1363 3578 pulvis
1386 3486 1625 3578 crystallinus

435 3616 545 3690 albus
575 3614 731 3704 subtilis,
760 3612 887 3687 odoris
915 3634 1061 3706 expers
1091 3611 1236 3705 saporis
1264 3611 1475 3701 subduleis3
1503 3615 1626 3688 calore

438 3743 538 3818 157ο
570 3743 794 3836 liquescens
827 3745 909 3814 tum
937 3745 1046 3813 caute
1078 3739 1303 3813 fervefactus
1335 3739 1487 3813 residuo
1518 3742 1624 3815 nullo

432 3871 561 3945 relicto
581 3870 748 3943 avolans,

541 3995 700 4069 Aridum
732 3993 962 4086 salicylieum
993 3993 1032 4066 in
1060 4014 1161 4085 aqua
1177 3992 1311 4085 f1igida
1329 3991 1552 4081 difficillime,
1585 3992 1625 4066 in
1765 4003 1767 4008 '

431 4125 573 4198 fervida
608 4145 679 4196 nee
715 4144 794 4196 non
830 4122 869 4197 in
906 4122 1092 4214 glycerino
1130 4121 1255 4213 tepido
1291 4125 1330 4193 et
1360 4120 1624 4193 chloroformio

432 4252 591 4341 facilius
611 4251 650 4324 in
669 4251 799 4342 spiritu
818 4249 893 4322 vini
912 4254 949 4322 et
968 4249 1117 4322 aethere
1136 4247 1307 4321 facillime
1327 4247 1492 4321 solvitur.

539 4378 582 4451 In
615 4398 715 4469 aqua
748 4376 934 4464 solutum,
981 4375 1164 4449 solutione
1214 4374 1301 4448 ferri
1339 4372 1624 4468 sesquichlorati

432 4506 560 4580 addita
597 4504 761 4577 colorem
798 4502 918 4576 induit
947 4524 966 4575 e
994 4502 1160 4575 violaceo
1189 4503 1354 4575 rubrum.
1393 4501 1487 4575 Cum
1506 4500 1621 4574 caleio

432 4633 594 4726 oxydato
615 4631 838 4704 calefactum
857 4651 1017 4723 vapores
1038 4629 1171 4703 emittit
1188 4628 1283 4702 acidi
1302 4628 1487 4702 carboliei.
