3725 5400
747 470 955 542 ,71-

249 686 557 776 0·965-0·970;
605 687 730 762 calore
772 687 916 761 circiter
960 687 1034 759 640
1085 686 1306 780 liquescant,
1356 687 1447 781 quin

248 836 425 909 spumam
444 814 591 888 eiiciant
608 815 668 888 vel
687 815 939 888 sedimentum
959 815 1161 905 deponant

356 942 415 1017 Ad
435 942 656 1017 formandos
676 943 862 1036 globulos,
880 962 1043 1035 quorum
1064 962 1135 1034 ope
1154 943 1307 1034 pondus
1328 942 1446 1036 speci·

247 1071 362 1144 ficum
382 1072 625 1161 examinetur,
648 1070 743 1144 Cera
761 1075 1017 1163 temperatura
1032 1091 1147 1162 quam
1160 1070 1315 1143 minima
1329 1070 1445 1163 lique·

246 1198 346 1271 facta
360 1198 531 1289 guttatim
545 1199 584 1270 in
602 1198 738 1271 vitrum
753 1198 925 1291 spiritum
938 1197 1015 1269 vini
1030 1197 1227 1270 continens
1243 1198 1444 1290 ingeratur,

248 1326 334 1399 dein
367 1326 508 1418 globuli
540 1325 746 1418 aequaliter
779 1326 971 1399 rotundati
1005 1332 1092 1399 aere
1135 1347 1202 1417 per
1245 1325 1296 1398 14
1329 1326 1446 1399 horas

246 1457 495 1545 seponantur;
512 1453 649 1546 quodsi
665 1452 852 1544 globuliin
865 1452 997 1546 spiritu
1006 1452 1082 1525 vini
1092 1452 1271 1544 ponderis
1282 1451 1445 1544 specifici

246 1580 543 1653 ubas-osto
585 1584 839 1672 temperatura
893 1580 966 1652 150
1011 1600 1090 1652 non
1137 1580 1442 1671 submerguntur,

89 1692 91 1696 ’
244 1706 378 1781 Geram
398 1707 648 1781 adulterinam
667 1727 834 1780 censeas.

354 1834 532 1909 Gramma
560 1835 677 1908 Cerae
715 1835 822 1908 albae
852 1856 939 1908 cum
967 1834 1191 1908 centimetris
1221 1834 1360 1908 cubicis
1391 1836 1443 1908 10

244 1960 396 2055 spiritus
429 1963 505 2034 vini
536 1983 605 2055 per
637 1961 779 2054 aliquot
811 1961 956 2035 minuta
989 1966 1137 2035 coctum
1161 1966 1199 2034 et
1221 1983 1289 2054 per
1306 1962 1440 2036 horam

242 2072 496 2181 refrigerando
508 2089 728 2182 sepositum,
746 2089 833 2164 dein
842 2089 1022 2162 filtratum
1032 2089 1216 2181 liquorem
1229 2089 1442 2163 decolorem

241 2217 432 2310 praebeat,
461 2218 526 2310 qui
561 2239 685 2309 neque
714 2217 883 2290 chartam
912 2216 1200 2310 exploratoriam
1228 2217 1441 2290 caeruleam

241 2344 458 2431 nrbefaciat,
493 2367 563 2417 nec
583 2366 683 2437 aqua
702 2344 847 2418 adiecta
864 2344 974 2417 valde
994 2344 1175 2417 turbetur.

352 2471 529 2545 Gramma
559 2472 675 2545 Cerae
705 2472 812 2545 albae
843 2492 930 2544 cum
963 2471 1188 2544 centimetris
1218 2470 1358 2543 cubicis
1391 2471 1441 2543 10

242 2621 364 2692 aquae
398 2605 436 2673 et
468 2600 645 2691 grammis
681 2600 703 2672 3
734 2600 843 2673 natrii
876 2600 1065 2673 sarbonici
1097 2601 1146 2673 ad
1179 2599 1440 2674 vehementem

241 2728 495 2802 ebullitionem
523 2734 682 2819 coctum,
712 2728 992 2820 refrigeratione
1021 2733 1174 2821 peracta
1203 2750 1289 2802 cera
1322 2748 1440 2820 supra

238 2855 422 2948 liquorem
442 2856 491 2929 ad
510 2877 702 2928 summum
722 2856 983 2946 opulescenter
1001 2856 1192 2928 turbatum
1211 2856 1438 2945 seiungatur.

349 2982 567 3057 Grammata
584 2983 607 3056 3
625 2983 741 3057 Cerae
762 2983 870 3056 albae
886 3005 973 3056 cum
988 2983 1213 3056 centimetris
1229 2982 1368 3055 cubicis
1386 2984 1438 3055 50

237 3109 392 3202 spiritus
420 3111 497 3183 vini
525 3112 564 3184 in
592 3110 728 3184 balneo
768 3132 892 3202 aquae
931 3111 980 3183 ad
1018 3110 1273 3183 ebullitionem
1320 3110 1438 3183 ferve-

238 3238 349 3327 facta,
389 3238 542 3311 adiectis
591 3238 704 3330 guttis
756 3239 805 3310 10
844 3237 1042 3310 solutionis
1089 3235 1438 3330 phenolphthale‘ini

238 3364 386 3436 t-bs
417 3365 635 3438 centimetra
663 3364 796 3437 cubica
830 3364 1027 3437 solutionis
1052 3363 1137 3436 kalii
1161 3363 1439 3457 hydrooxydati

236 3492 463 3586 spirituosae
501 3491 778 3565 seminormalis
828 3496 1063 3582 consumant,
1107 3492 1227 3565 donee
1270 3490 1438 3563 miscella

237 3619 401 3692 colorem
439 3619 596 3691 rubrum
641 3617 814 3691 induerit.
858 3618 1004 3691 Additis
1048 3618 1171 3691 adbuc
1209 3616 1436 3691 centimetris

237 3745 377 3819 cubicis
394 3745 445 3817 10
465 3745 663 3819 solutionis
683 3745 769 3818 kalii
787 3745 1061 3838 hydroorydati
1081 3745 1303 3838 spirituosae
1324 3743 1435 3817 semi·

234 3872 415 3947 normalis
444 3872 611 3946 miscella
638 3873 677 3947 in
705 3874 841 3946 balneo
870 3893 992 3965 aquae
1019 3894 1142 3964 usque
1163 3873 1211 3945 ad
1231 3873 1434 3966 perlectam

127 4095 131 4100 ᾖ
233 3998 584 4092 saponiiicationem
631 4004 738 4072 cocta
783 3999 994 4072 ra-ma
1045 4000 1262 4073 centimetra
1304 3999 1438 4072 cubica

235 4126 331 4199 acidi
370 4126 646 4218 hydroohlorici
684 4127 960 4200 seminornralis
1000 4127 1049 4200 ad
1086 4126 1435 4201 neutralisationem

231 4253 410 4345 requirat.

341 4380 530 4455 Numerus
560 4381 743 4455 ariditatis
764 4382 812 4455 sit
836 4381 1086 4470 18·o—23·3;
1110 4402 1293 4454 numerus
1322 4401 1433 4473 sapo-

233 4507 456 4582 nificationis
477 4509 726 4583 altmar-9.
