3725 5400
726 498 963 570 -raa-

246 713 757 855 Eoetraomm
787 713 1068 849 Fciam&
1104 711 1442 826 Secalis.

534 921 783 1000 Extractum
805 919 959 1001 Secalis
982 919 1151 1000 cornuti

245 1097 319 1189 Rp:
353 1100 461 1188 Fungi
480 1100 607 1171 Secalis
626 1110 680 1180 (lv)
1192 1104 1318 1194 partes
1394 1100 1442 1172 10

352 1230 465 1315 Aquae
494 1229 606 1297 antea
633 1246 719 1298 cum
748 1224 902 1297 dimidia
930 1225 1137 1298 centesima
1164 1230 1270 1319 parte
1299 1226 1444 1299 chloro-

245 1351 369 1425 iormii
388 1351 627 1425 exactissime
648 1356 925 1444 conquassatae
992 1354 995 1387 ¹
1181 1359 1306 1448 portes
1381 1353 1443 1425 00.

318 1479 467 1572 Sepone
495 1501 564 1572 per
596 1480 643 1552 m
668 1481 797 1567 horas
836 1485 916 1552 tum
946 1479 1123 1572 exprime.
1151 1479 1444 1553 Remanentiam

243 1606 379 1679 iterum
388 1610 507 1678 tracta
522 1607 670 1697 aequali
684 1606 811 1696 modo,
826 1607 893 1679 sed
905 1627 1047 1698 sepone
1058 1608 1182 1680 solum
1196 1629 1265 1701 per
1278 1607 1393 1680 horas
1410 1607 1444 1679 6.

316 1733 500 1832 Liquores
549 1733 771 1807 commixtos
829 1734 912 1806 cola
950 1739 987 1807 et
1032 1755 1104 1826 ope
1150 1734 1275 1807 balnei
1322 1754 1442 1826 aquae

245 1881 409 1952 evapora
437 1861 485 1932 ad
504 1862 698 1934 residuum
1141 1861 1304 1956 portium
1405 1860 1441 1933 5.

315 1987 406 2061 Post
424 1988 743 2079 refrigerationem
762 1988 860 2061 adde

352 2118 497 2208 Spiritus
511 2118 589 2188 Vini
1189 2124 1311 2210 portes
1408 2116 1442 2189 5.

317 2242 465 2334 Sepone
503 2243 656 2336 saepius
695 2243 990 2335 conquassando
1027 2264 1096 2335 per
1140 2243 1315 2331 triduum,
1360 2246 1441 2314 tum

243 2368 352 2457 tiltra,
386 2370 571 2461 liquorem
610 2369 833 2443 destillando
872 2370 911 2442 in
944 2370 1081 2443 balneo
1116 2390 1237 2461 aquae
1269 2368 1388 2442 libera
1420 2391 1443 2441 a

244 2496 377 2587 spiritu
395 2495 471 2569 vini
491 2502 527 2571 et
555 2518 720 2589 evapora
749 2496 796 2570 ad
826 2497 1110 2570 consistentiam
1138 2496 1292 2569 extracti
1322 2496 1444 2588 spissi.

352 2624 569 2697 Extractum
601 2625 723 2717 Fungi
760 2624 901 2699 Secalis
940 2626 990 2699 sit
1027 2623 1164 2699 coloris
1202 2624 1441 2715 rubro-fusci,

245 2752 373 2826 odoris
383 2752 584 2845 peculiaris
594 2752 698 2826 haud
708 2752 859 2844 ingrati;
876 2754 1046 2826 solvatur
1059 2752 1211 2846 limpide
1227 2759 1264 2826 et
1277 2753 1441 2847 perfecte

242 2879 279 2952 in
299 2900 400 2971 aqua
418 2900 488 2952 nee
508 2900 586 2951 non
603 2880 643 2953 in
662 2880 824 2954 mixtura
843 2902 863 2953 e
882 2881 1054 2974 partibus
1077 2879 1298 2972 aequalibus
1318 2901 1440 2972 aquae

243 3011 281 3078 et
300 3006 452 3099 spiritus
470 3006 556 3080 vini.

352 3133 495 3207 Solutio
516 3155 662 3227 aquosa
681 3136 714 3224 (1
733 3165 782 3198 =
799 3134 888 3223 100)
910 3136 1088 3226 praebeat
1107 3134 1337 3207 reactionem
1356 3133 1443 3207 sub·

243 3260 429 3333 acidulam
448 3265 485 3333 et
504 3260 633 3335 addita
652 3262 840 3335 solutione
856 3261 952 3334 acidi
975 3262 1114 3334 tannici
1133 3266 1198 3335 aut
1221 3260 1444 3353 hydrargyri

244 3386 439 3459 hichlorati
459 3389 640 3462 corrosivi
658 3389 955 3480 praecipitatum.

349 3513 649 3606 Decigrammata
687 3515 709 3586 1
749 3515 912 3589 Extracti
958 3517 1084 3589 soluta
1129 3516 1166 3590 in
1216 3515 1442 3589 centimetris

241 3640 381 3714 cubicis
404 3645 426 3713 5
448 3663 580 3733 aquae,
613 3643 804 3716 ammonia
830 3644 990 3716 alcalina
1018 3644 1119 3716 iacta
1147 3649 1184 3716 et
1212 3647 1442 3736 exquassata

240 3768 403 3856 aethere,
432 3769 660 3842 solutionem
685 3770 901 3842 aetheream
928 3771 1149 3862 praebeant,
1178 3791 1274 3862 quae
1305 3790 1441 3862 evapo

114 3917 117 3924 ·
240 3899 322 3967 rato
365 3895 516 3968 aethere
557 3895 753 3968 residuum
787 3895 860 3986 det,
898 3895 1001 3989 quod
1034 3898 1202 3986 solutum
1247 3898 1286 3970 in
1333 3895 1440 3969 acido

241 4021 380 4094 acetico
401 4026 653 4113 concammio,
683 4023 825 4096 fenum
854 4023 1197 4115 sesquichloratum
1225 4024 1439 4098 continente

240 4145 275 4244 (1
289 4179 337 4212 =
350 4149 467 4237 1000)
484 4148 685 4242 superfuso
702 4150 810 4222 acido
830 4150 1008 4223 sulfurico
1024 4156 1265 4225 concontrario
1282 4172 1326 4225 eo
1340 4152 1437 4240 loco,

241 4295 316 4367 quo
334 4276 500 4368 liquores
520 4297 562 4349 se
580 4280 753 4367 tangunt,
778 4298 914 4350 zonam
937 4278 1074 4351 coloris
1094 4277 1439 4352 menneo-violacei
1574 4285 1578 4294 '

240 4402 425 4476 exhibeat.
