3725 5400
935 448 1179 522 -340-

459 665 775 758 longitudinaliler
812 665 979 755 sulcata,
1018 665 1056 738 in
1090 670 1196 761 parte
1234 688 1413 760 suprema
1445 667 1657 760 superficiei

460 792 628 866 internae
670 793 805 887 planae
843 797 910 867 aut
946 793 1210 868 subconcavae
1246 815 1364 887 parra
1399 794 1567 867 radicula
1597 795 1657 867 vel

461 920 672 994 scrobiculo
706 920 870 1013 oblongo
903 920 1108 1010 instructis,
1138 920 1240 994 intus
1275 920 1408 994 albidis
1437 922 1497 995 vel
1524 921 1657 995 ocbro

460 1047 589 1138 leucis,
618 1047 766 1141 saporis
786 1047 992 1138 subdulcia,
1014 1048 1206 1122 subamari
1225 1053 1263 1122 el
1281 1048 1560 1141 adstringentis.

568 1174 783 1264 Immatura,
813 1174 967 1249 insectis
998 1197 1154 1249 corrosa
1179 1176 1239 1248 vel
1265 1180 1453 1249 vetustate
1482 1180 1659 1270 corrupta

461 1301 686 1375 reiiciantur.

571 1428 725 1502 Semina
742 1428 781 1501 in
799 1450 890 1502 vase
911 1428 1033 1502 ferreo
1053 1429 1126 1502 sub
1146 1429 1323 1502 continua
1347 1429 1547 1520 agitatione
1567 1435 1659 1501 tam-

464 1556 528 1628 diu
547 1557 759 1644 torrefacta,
791 1556 911 1629 donec
932 1557 1098 1629 colorem
1116 1556 1267 1630 fuscum
1285 1556 1475 1630 induerint
1499 1561 1536 1630 el
1553 1556 1659 1629 facile

462 1684 684 1775 frangantur
719 1685 902 1777 praebent
935 1687 1053 1758 Senon
1081 1688 1228 1770 Quercus
1257 1690 1392 1758 ustum.
1428 1684 1661 1777 Refrigerata

463 1811 503 1885 in
520 1813 713 1906 pulverem
732 1812 1032 1903 grossiusculum
1052 1812 1242 1886 contunde
1262 1817 1299 1885 et
1318 1834 1439 1886 serva

572 1941 652 2035 Ope
668 1940 904 2033 microscopii
924 1942 1159 2016 examinatus
1173 1941 1308 2035 pulvis
1324 1940 1453 2014 odoris
1469 1962 1661 2034 empyreu-

449 2057 599 2157 vmalici,
620 2089 668 2141 ne
693 2067 882 2142 contineat
905 2068 977 2141 nisi
1001 2070 1186 2142 elementa
1203 2068 1298 2142 telae
1318 2067 1471 2142 seminis
1491 2068 1662 2158 Quercus

463 2195 616 2288 propria
634 2194 788 2269 scilicet:
808 2195 973 2269 maxima
991 2218 1036 2269 ex
1055 2201 1160 2289 parte
1181 2218 1298 2287 grana
1317 2195 1429 2288 amyli
1453 2196 1664 2270 deformata

465 2328 502 2397 el
535 2323 769 2414 conglobata,
802 2344 872 2396 nec
904 2345 984 2396 non
1019 2345 1138 2414 grana
1165 2324 1277 2416 amyli
1309 2323 1454 2414 integra
1482 2322 1664 2416 simplicia

465 2450 641 2541 oblonga,
672 2454 793 2539 ovata,
822 2449 945 2521 oralia
964 2455 1001 2522 et
1020 2449 1319 2539 subreniformia‚
1348 2449 1444 2523 rima
1465 2449 1663 2542 longitudi-

468 2577 541 2650 nali
559 2576 756 2664 instructa;
785 2576 998 2667 fragmenta
1024 2577 1327 2670 parenchymatis
1357 2577 1662 2670 cotyledonume

463 2705 607 2801 pelltrlis
640 2705 841 2799 polyedriS,
871 2705 1022 2799 repletis
1052 2706 1176 2799 amylo
1201 2705 1273 2778 sub
1297 2707 1421 2779 forma
1444 2712 1481 2780 et
1504 2706 1543 2778 in
1563 2709 1664 2778 statu

467 2832 654 2925 descripto
674 2855 744 2906 nec
763 2855 841 2906 non
860 2832 1172 2924 fragmentorum
1200 2832 1466 2907 fasciculorum
1486 2853 1664 2906 vasorum

467 2959 745 3052 angustissima.
777 2960 940 3034 Gellulae
960 2960 1339 3053 sclarencbymaticae
1365 2982 1444 3034 non
1464 2961 1664 3033 observan-

465 3093 528 3161 tur
545 3087 586 3161 in
603 3089 755 3182 pulvere
776 3087 849 3161 nisi
866 3088 1011 3181 passim
1030 3088 1212 3180 singulae,
1233 3109 1383 3182 parvae.

579 3215 655 3288 100
674 3219 800 3308 partes
820 3216 983 3309 pulveris
1003 3237 1050 3288 ne
1080 3216 1205 3288 minus
1234 3237 1349 3307 quam
1377 3219 1503 3308 partes
1524 3216 1575 3288 30
1605 3236 1665 3287 ex·

465 3342 573 3416 tracti
593 3342 727 3435 aquosi
745 3344 966 3436 praebeant;
1005 3344 1138 3416 eadam
1167 3344 1355 3435 quantitas
1390 3343 1589 3417 combusta
1616 3364 1664 3416 ne

466 3472 551 3565 plus
572 3493 687 3564 quarn
707 3477 832 3564 partes
854 3473 877 3543 4
898 3470 1033 3545 cineris
1053 3471 1249 3564 relinquat.

654 3668 953 3780 semen
982 3667 1485 3782 sabamae.

578 3850 767 3926 soladina
782 3851 1007 3947 officinarum
1021 3853 1196 3944 Brandt,
1216 3855 1345 3947 planta
1358 3854 1531 3942 bulbosa,
1553 3875 1665 3946 spon·

467 3987 578 4054 tanea
596 3982 635 4053 in
653 3979 825 4054 Andibus
844 3980 1059 4069 MexicaniS,
1090 3981 1128 4054 in
1148 3980 1359 4055 Gualimala
1383 3986 1420 4054 et
1438 3980 1662 4053 Veuezuela.

575 4110 726 4182 Sennna
746 4111 910 4200 oblonga
928 4115 995 4182 aut
1013 4110 1232 4198 lanceolata,
1268 4132 1422 4183 sursum
1441 4108 1663 4195 acuminata,

466 4236 717 4328 irregulariter
736 4238 932 4329 angulosa,
965 4236 1109 4310 circiter
1129 4240 1151 4310 8
1172 4237 1383 4311 millimetra
1401 4239 1525 4329 longa
1562 4237 1664 4310 albu·

467 4363 626 4454 minosa,
675 4370 773 4439 tesla
813 4365 928 4454 tenui,
977 4364 1128 4455 nitente,
1176 4365 1424 4457 fusco-nigra,
1472 4365 1663 4456 rugulosa.

466 4491 630 4584 Embryo
643 4512 783 4584 parvus
804 4491 1015 4564 continetur
1033 4491 1117 4563 basi
1137 4491 1336 4565 albuminis
1356 4491 1475 4581 solidi,
1501 4491 1661 4580 carnosi,

467 4618 591 4691 albidi.
613 4618 710 4690 Sunt
727 4617 874 4710 saporis
895 4617 1013 4691 amari
1032 4623 1068 4691 et
1087 4618 1195 4693 acris.
