3725 5400
905 460 1116 533 -γρ-

852 671 987 808 (loro
1016 672 1176 808 flava.

522 934 652 1006 Massa
683 935 790 1023 tlara,
823 931 961 1023 frigore
993 932 1179 1005 fracturae
1208 929 1446 1022 granulosae
1478 949 1611 1022 parum

413 1068 538 1150 tenax,
576 1060 648 1133 sub
677 1080 815 1133 manus
844 1059 970 1132 calore
1017 1058 1254 1148 mollescens
1300 1055 1431 1131 odoris
1477 1055 1610 1142 mellei,

413 1187 592 1282 ponderis
617 1186 779 1281 specifici
799 1185 1104 1275 0·9uu-0·966,
1123 1187 1378 1277 temperatura
1397 1182 1607 1256 630-640

413 1317 606 1409 liquescat

523 1442 702 1517 Gramma
730 1439 846 1514 Cerae
875 1439 996 1512 flavae
1024 1459 1111 1512 cum
1140 1437 1365 1512 centimetn's
1390 1436 1531 1509 cubicis
1560 1435 1611 1507 io

414 1570 566 1663 spiritus
594 1568 670 1641 vini
697 1589 765 1662 per
793 1567 935 1660 aliquot
971 1565 1115 1639 minuta
1142 1569 1291 1639 coctum
1320 1569 1356 1639 et
1383 1585 1451 1658 per
1478 1562 1612 1637 horam

414 1696 670 1789 refrigerando
705 1694 924 1788 sepositum,
953 1699 1035 1766 tum
1062 1693 1241 1765 filtratum
1271 1692 1455 1784 liquorem
1491 1711 1612 1783 paene

413 1825 627 1898 decolorem
654 1823 842 1915 praebeat,
883 1820 949 1914 qui
977 1840 1101 1912 neque
1131 1819 1300 1893 chartam
1326 1816 1612 1911 exploratoriam

413 1952 627 2025 caeruleam
644 1948 859 2038 rubefaciat,
887 1969 957 2021 nec
986 1969 1087 2040 aqua
1116 1947 1262 2020 adiecta
1292 1946 1402 2019 valde
1430 1945 1637 2019 turbetur.-

414 2078 588 2152 Ceterum
608 2076 859 2150 exarrrinanda
877 2079 919 2147 ut
939 2096 1026 2148 cera
1044 2074 1140 2148 alba

766 2435 1011 2569 Ceratum
1046 2433 1274 2568 Getocoi.

415 2659 495 2752 Rp:
525 2660 657 2732 letacei

522 2789 625 2860 Gerae
645 2787 743 2858 albae

523 2915 594 2986 olei
614 2915 742 2986 Sesami
1294 2906 1342 2979 εἶα
1357 2914 1478 3003 partes
1524 2909 1610 2980 100.

485 3039 689 3112 Miscellam
717 3038 792 3112 leni
820 3038 943 3112 calore
981 3037 1163 3129 liquatam
1192 3036 1344 3109 effunde
1382 3036 1421 3107 in
1448 3036 1612 3108 formam

413 3167 636 3240 tabularum.

762 3486 1008 3623 Ceratum
1036 3487 1262 3621 fuscum.

413 3749 491 3839 Rp:
519 3748 702 3838 Emplastri
720 3748 849 3820 Plumbi
869 3749 1034 3837 simplius
1357 3749 1476 3839 portes
1547 3742 1610 3813 50.

488 3874 683 3949 Calefactis
726 3875 798 3947 sub
832 3875 1011 3948 continua
1044 3872 1244 3965 agitatione
1278 3873 1399 3945 donec
1431 3891 1560 3943 massa
1592 3891 1612 3941 e

416 4005 523 4095 nigro
545 4005 654 4077 fusca
673 4005 861 4077 coloretur
879 4004 977 4077 adde

525 4134 626 4204 Gerae
646 4134 755 4204 flavae
1356 4133 1477 4222 portes
1561 4126 1612 4198 tu

524 4263 701 4349 Axungiae
721 4260 817 4330 Porci
1354 4260 1478 4349 portes
1550 4255 1612 4327 30.

486 4384 653 4457 Massam
673 4382 915 4475 aequabiliter
939 4383 1064 4455 fusam
1090 4381 1242 4455 effunde
1270 4380 1310 4453 in
1329 4381 1490 4453 formam
1504 4381 1612 4454 tabu-

419 4515 553 4585 larum.
