3725 5400
914 500 1151 573 -164-

658 839 807 974 llolia
836 839 1086 975 Marthae
1116 839 1396 1011 piperitae.

541 1097 687 1173 Montio
726 1099 889 1196 piperito
935 1098 984 1191 L,
1030 1101 1158 1194 planta
1195 1100 1371 1193 perennis
1408 1101 1552 1193 passim
1587 1101 1627 1174 in

432 1228 551 1301 hortis
571 1227 679 1301 culta

541 1355 644 1429 Folia
656 1355 833 1449 petiolata
849 1355 987 1448 petiolo
1004 1356 1027 1428 8
1044 1355 1092 1428 ad
1106 1357 1154 1428 10
1170 1355 1381 1429 millimetra
1395 1355 1521 1446 longo,
1538 1375 1626 1429 ova·

430 1482 649 1574 tooblouga
661 1481 721 1555 rel
735 1481 1134 1573 oblongo-lanceolata
1156 1486 1276 1569 acuta
1291 1483 1375 1556 basi
1390 1483 1430 1555 in
1445 1482 1626 1576 petiolum

431 1613 632 1697 contracta,
666 1608 909 1702 inaequaliter
928 1613 1058 1701 argute
1082 1614 1237 1697 serrata,
1267 1630 1430 1701 superne
1455 1614 1623 1683 satur-ate

431 1735 571 1825 viridia,
605 1737 740 1810 subtus
772 1735 977 1829 pallidiora,
1009 1737 1197 1829 utrimque
1226 1738 1355 1828 glabra
1391 1736 1452 1810 vel
1485 1737 1625 1810 solum·

431 1863 544 1938 modo
569 1863 617 1936 ad
635 1885 774 1937 nervos
792 1864 1047 1956 pubescentia,
1081 1863 1314 1956 glandulosa
1345 1864 1472 1938 nervis
1493 1884 1625 1937 secuu-

430 1992 543 2064 dariis
586 1990 758 2081 arcuatiS,
796 1990 922 2064 odoris
965 1991 1175 2083 fragrantis
1219 1992 1416 2065 masticata
1455 1992 1620 2085 primum

429 2119 575 2205 caloris
595 2117 682 2192 dein
695 2118 841 2210 frigoris
856 2139 1015 2192 sensum
1032 2119 1150 2192 inore
1171 2123 1207 2192 et
1220 2118 1393 2192 faucibus
1413 2118 1622 2208 excitantia,

429 2267 449 2319 c
474 2245 588 2338 stirpe
612 2244 832 2318 florescente
862 2245 1039 2339 decerpta
1067 2245 1244 2319 siccanda
1270 2267 1342 2319 nec
1359 2246 1459 2319 ultra
1477 2266 1621 2319 annum

430 2371 625 2446 servanda

537 2498 798 2591 Exploratione
844 2498 1113 2590 microscopica
1154 2499 1416 2573 observantur:
1464 2499 1626 2573 cellulae·

429 2624 667 2719 cpidermidis
722 2624 905 2699 undulata
918 2666 931 2678 -
945 2625 1130 2716 sinuatae3
1187 2630 1351 2732 stomata
1396 2626 1434 2700 in
1484 2627 1624 2721 pagina

428 2754 601 2828 inferiore
626 2753 702 2827 folii
720 2753 1024 2847 frequentissima
1047 2754 1195 2847 singula
1226 2755 1447 2848 plerumque
1481 2755 1622 2829 cellulis

432 2881 454 2953 1
505 2880 727 2954 accessoriis
763 2880 962 2967 instructa3
1015 2881 1077 2973 pili
1123 2881 1304 2954 rarissimi
1348 2882 1538 2973 longiores
1586 2887 1624 2955 et

430 3009 562 3082 breves
595 3008 886 3101 pluricellulares
916 3008 1072 3101 collapsi
1095 3010 1327 3082 verruculosi
1355 3013 1420 3082 aut
1448 3010 1622 3098 striatuli;

428 3137 490 3228 pili
510 3137 659 3229 capitati
681 3136 787 3235 parvi
812 3136 1026 3229 pedunculo
1047 3142 1084 3208 et
1103 3136 1265 3229 capitulo
1297 3135 1530 3209 unicellulari
1548 3136 1622 3210 hoc

428 3264 526 3337 ovali
545 3269 610 3337 aut
638 3264 795 3355 globoso
823 3284 990 3336 necnon
1019 3262 1217 3354 glandulae
1237 3262 1406 3336 bullosae
1435 3262 1622 3352 oleilerae,

428 3392 648 3484 plerumque
682 3389 934 3481 subglobosae
968 3389 1109 3463 cellulis
1145 3389 1354 3463 secretoriis
1386 3391 1409 3461 8
1442 3389 1481 3462 in
1514 3390 1622 3463 verti·

427 3519 512 3591 cillo
538 3524 574 3591 at
600 3517 788 3591 interdum
816 3517 998 3609 crystallis
1017 3516 1199 3590 mentholi
1226 3517 1265 3590 in
1289 3537 1382 3589 cavo
1411 3517 1625 3591 secretorio.

428 3646 702 3739 Mesophyllum
725 3644 993 3718 dorsiventrale
1018 3649 1120 3718 caret
1144 3644 1328 3735 crystallis
1353 3644 1456 3718 calcii
1476 3644 1619 3718 oxalici

540 3775 616 3846 100
634 3776 760 3866 partes
788 3772 923 3846 mercis
952 3792 1000 3845 ne
1024 3771 1110 3864 plus
1131 3792 1246 3864 quam
1264 3776 1393 3864 partes
1419 3770 1621 3846 1111111113

427 3900 638 3976 exhibeant

535 4027 587 4102 Ne
612 4030 888 4101 commutentur
906 4026 1004 4099 foliis
1028 4025 1185 4099 aliarum
1203 4024 1376 4099 Menthae
1405 4025 1618 4118 specierum

427 4153 530 4245 apud
568 4174 640 4226 nos
690 4151 952 4244 indigenarum
990 4156 1055 4226 aut
1108 4151 1147 4224 in
1178 4151 1297 4224 hortis
1332 4152 1518 4226 cultarum
1550 4153 1619 4226 sed

426 4282 563 4355 diversi
592 4281 719 4354 odoris
749 4284 786 4354 et
804 4281 951 4374 saporis
979 4283 1023 4353 ut
1045 4279 1143 4352 soliis
1164 4278 1361 4352 sessilibus
1382 4284 1449 4354 aut
1467 4279 1621 4353 subses-

424 4408 557 4481 silibus
575 4408 787 4482 notabiliter
803 4408 899 4481 laete
919 4406 1098 4480 viridibus
1118 4403 1280 4478 Mentbae
1303 4404 1430 4479 viridis
1449 4406 1531 4500 (1.),
1558 4411 1623 4481 aut

424 4536 522 4611 soliis
537 4537 732 4610 sessilibus
742 4536 877 4610 subtus
891 4534 1072 4628 imprimis
1083 4533 1448 4608 albidotomentosis
1460 4533 1621 4607 Mentire

423 4661 595 4736 silvestria
614 4661 693 4762 (L.).
