3725 5400
931 500 1175 574 —274-

458 718 681 807 flavescens,
708 716 835 791 odoris
853 717 1146 793 Terebinthinae
1162 718 1377 814 peculiaris,
1392 720 1539 814 saporis
1553 742 1648 816 pun·

459 846 581 938 gentis
617 844 871 933 amariusculi,
909 845 1087 938 ponderis
1136 844 1303 939 specifici
1344 847 1648 938 osca-calu

459 973 583 1047 calore
607 973 710 1045 160ο
734 971 888 1046 ebullire
906 972 1051 1067 incipit
1071 973 1127 1047 Ex
1145 980 1233 1047 aere
1253 973 1481 1067 oxygenium
1499 976 1651 1050 attrahit

459 1105 497 1176 et
515 1099 719 1196 spissescit
738 1098 873 1174 Oleum
900 1099 1193 1175 Terebinthinae
1211 1100 1250 1175 in
1270 1099 1414 1176 circiter
1430 1101 1600 1196 partibus
1624 1104 1647 1177 8

468 1228 620 1323 spiritus
639 1226 715 1300 vini
742 1226 895 1320 limpide
927 1227 1106 1302 solvatur.

545 1476 728 1614 dleun
763 1478 1175 1615 terebinthinae
1211 1479 1576 1616 rectificatnn.

570 1735 626 1809 Ex
649 1734 729 1809 ooo
753 1734 1026 1829 Terebintlzinac,
1046 1743 1158 1811 antea
1186 1759 1273 1811 cum
1301 1758 1402 1831 aqua
1429 1738 1541 1812 calcis
1570 1739 1649 1813 sive

460 1863 560 1937 kailo
596 1863 882 1958 hydrooxydato
920 1864 1045 1938 soluto
1089 1869 1345 1958 conquassato
1386 1865 1650 1941 rectificatione

467 1990 659 2065 obtentum
713 1991 762 2065 sit
796 1990 1004 2086 limpidum,
1053 1990 1215 2082 decolor,
1260 1992 1438 2086 ponderis
1484 1992 1650 2086 specifici

327 2110 333 2119 '
463 2118 770 2210 0·860-0·870,
817 2117 856 2191 in
905 2118 924 2192 7
967 2117 1111 2193 circiter
1156 2118 1328 2214 partibus
1375 2119 1529 2212 spiritus
1575 2120 1650 2193 vini

463 2246 633 2320 solubile.
671 2245 814 2320 Solutio
843 2245 1016 2319 chartam
1044 2246 1333 2339 exploratoriam
1366 2267 1466 2340 aqua
1496 2245 1649 2321 humec-

461 2376 579 2447 tatam
597 2394 645 2447 ne
665 2378 793 2447 mutet
833 2369 966 2446 Calore
991 2373 1257 2447 1550-169ο
1280 2373 1443 2446 ebulliat

779 2659 961 2796 lllcnn
999 2659 1333 2797 Valerianac.

572 2901 706 2976 Oleum
734 2901 952 2976 aethereum
977 2923 997 2976 e
1020 2901 1145 2974 radice
1177 2899 1387 2974 Valere'anoc
1405 2902 1654 2978 destillatione

464 3035 638 3124 paratum
659 3030 708 3102 sit
726 3028 932 3122 limpidum,
951 3028 1086 3102 coloris
1096 3027 1340 3101 ssavo-viridis
1351 3032 1417 3101 aut
1429 3028 1651 3120 fusco-ilari,

468 3157 633 3252 primum
660 3161 784 3248 tenue,
809 3155 992 3249 temporis
1020 3160 1141 3229 tractu
1169 3154 1341 3247 spissius,
1370 3159 1494 3246 tenax,
1526 3157 1652 3232 odoris

464 3285 600 3359 radicis
614 3284 835 3358 Valerianae
848 3282 998 3377 proprii,
1011 3282 1158 3375 saporis
1174 3282 1366 3354 aromatici
1381 3283 1651 3377 camphoracei,

464 3411 665 3485 reactionis
692 3412 822 3484 leviter
849 3409 991 3499 acidae,
1019 3408 1199 3503 ponderis
1223 3409 1388 3503 specifici
1407 3411 1652 3485 osa-oco.

461 3538 505 3611 ln
525 3559 625 3632 aqua
642 3559 787 3633 parum,
807 3538 846 3610 in
866 3537 999 3631 spiritu
1017 3536 1092 3609 vini
1110 3535 1285 3609 facillime
1304 3537 1476 3611 solubile.

902 3824 1219 3962 opium.

572 4030 737 4128 Papaver
763 4029 992 4124 somniferam
1019 4029 1073 4118 L,
1107 4026 1238 4118 planta
1270 4046 1408 4116 annua,
1438 4027 1478 4101 in
1502 4029 1652 4105 Oriente

465 4157 640 4250 indigena
658 4158 782 4252 ibique
801 4157 964 4230 maxime
984 4155 1095 4229 culta.

573 4284 716 4360 Succus
735 4288 890 4376 lacteuS,
906 4286 945 4356 in
961 4284 1053 4356 Asia
1068 4282 1212 4355 minore
1228 4302 1248 4353 e
1264 4280 1429 4373 capsulis
1443 4284 1653 4364 immaturis

467 4413 670 4489 vulneratis
691 4414 834 4487 elicitus
854 4420 1016 4505 aereque
1036 4409 1273 4504 inspissatns.

572 4540 742 4615 Occurrit
766 4542 987 4635 plerumque
1010 4541 1048 4613 in
1071 4535 1253 4632 placentis
1277 4534 1391 4631 paulo
1413 4544 1652 4636 compressis,

463 4668 740 4743 disciformibus
769 4675 835 4743 aut
863 4672 1117 4763 subglohosis,
1147 4674 1236 4747 solio
1259 4665 1461 4772 Papaveris
1480 4678 1652 4748 accurate
