<?xml version="1.0" encoding="UTF-8"?>
<!DOCTYPE html PUBLIC "-//W3C//DTD XHTML 1.0 Transitional//EN"
    "http://www.w3.org/TR/xhtml1/DTD/xhtml1-transitional.dtd">
<html xmlns="http://www.w3.org/1999/xhtml" xml:lang="en" lang="en">
 <head>
  <title>
</title>
<meta http-equiv="Content-Type" content="text/html;charset=utf-8" />
  <meta name='ocr-system' content='tesseract 3.04.00' />
  <meta name='ocr-capabilities' content='ocr_page ocr_carea ocr_par ocr_line ocrx_word'/>
</head>
<body>
  <div class='ocr_page' id='page_1' title='image "./pharmacopoeaaus00innegoog_0273.png"; bbox 0 0 3725 5400; ppageno 0'>
   <div class='ocr_carea' id='block_1_1' title="bbox 211 733 1492 1334">
    <p class='ocr_par' dir='ltr' id='par_1_1' title="bbox 320 733 1400 826">
     <span class='ocr_line' id='line_1_1' title="bbox 320 733 1400 826; baseline 0.001 -22"><span class='ocrx_word' id='word_1_1' title='bbox 320 733 504 804; x_wconf 71' lang='grc'><strong>01100011</strong></span> <span class='ocrx_word' id='word_1_2' title='bbox 1127 738 1270 826; x_wconf 80' lang='lat' dir='ltr'><strong>portem</strong></span> <span class='ocrx_word' id='word_1_3' title='bbox 1383 734 1400 805; x_wconf 91' lang='lat'>1</span> 
     </span>
    </p>

    <p class='ocr_par' dir='ltr' id='par_1_2' title="bbox 319 845 1492 955">
     <span class='ocr_line' id='line_1_2' title="bbox 319 845 1492 955; baseline 0.002 -23"><span class='ocrx_word' id='word_1_4' title='bbox 319 863 509 932; x_wconf 73' lang='lat' dir='ltr'><strong>Ammonias</strong></span> <span class='ocrx_word' id='word_1_5' title='bbox 1131 865 1256 955; x_wconf 74' lang='lat' dir='ltr'><strong>partes</strong></span> <span class='ocrx_word' id='word_1_6' title='bbox 1312 861 1403 934; x_wconf 73' lang='grc'><strong>000.</strong></span> <span class='ocrx_word' id='word_1_7' title='bbox 1489 845 1492 849; x_wconf 47' lang='grc'>’</span> 
     </span>
    </p>

    <p class='ocr_par' dir='ltr' id='par_1_3' title="bbox 211 985 1405 1334">
     <span class='ocr_line' id='line_1_3' title="bbox 320 985 1403 1079; baseline 0.001 -20"><span class='ocrx_word' id='word_1_8' title='bbox 320 985 374 1060; x_wconf 89' lang='lat' dir='ltr'><strong>Sit</strong></span> <span class='ocrx_word' id='word_1_9' title='bbox 395 985 519 1079; x_wconf 85' lang='lat' dir='ltr'><strong>liquor</strong></span> <span class='ocrx_word' id='word_1_10' title='bbox 537 986 725 1079; x_wconf 73' lang='lat' dir='ltr'><strong>limpidus</strong></span> <span class='ocrx_word' id='word_1_11' title='bbox 747 985 881 1058; x_wconf 90' lang='lat' dir='ltr'><strong>coloris</strong></span> <span class='ocrx_word' id='word_1_12' title='bbox 905 987 1147 1075; x_wconf 90' lang='lat' dir='ltr'><strong>rubro-fusci,</strong></span> <span class='ocrx_word' id='word_1_13' title='bbox 1173 988 1403 1062; x_wconf 78' lang='lat' dir='ltr'><strong>ammoniam</strong></span> 
     </span>
     <span class='ocr_line' id='line_1_4' title="bbox 212 1113 1405 1208; baseline 0 -21"><span class='ocrx_word' id='word_1_14' title='bbox 212 1120 249 1187; x_wconf 90' lang='lat' dir='ltr'><strong>et</strong></span> <span class='ocrx_word' id='word_1_15' title='bbox 281 1115 366 1188; x_wconf 86' lang='lat' dir='ltr'><strong>olea</strong></span> <span class='ocrx_word' id='word_1_16' title='bbox 403 1114 579 1188; x_wconf 87' lang='lat' dir='ltr'><strong>aetherea</strong></span> <span class='ocrx_word' id='word_1_17' title='bbox 615 1113 782 1187; x_wconf 86' lang='lat' dir='ltr'><strong>adhibita</strong></span> <span class='ocrx_word' id='word_1_18' title='bbox 822 1113 966 1186; x_wconf 85' lang='lat' dir='ltr'><strong>fortiter</strong></span> <span class='ocrx_word' id='word_1_19' title='bbox 1003 1113 1189 1204; x_wconf 74' lang='lat' dir='ltr'><strong>redolens</strong></span> <span class='ocrx_word' id='word_1_20' title='bbox 1225 1115 1405 1208; x_wconf 90' lang='lat' dir='ltr'><strong>ponderis</strong></span> 
     </span>
     <span class='ocr_line' id='line_1_5' title="bbox 211 1240 643 1334; baseline -0.002 -20"><span class='ocrx_word' id='word_1_21' title='bbox 211 1240 375 1334; x_wconf 87' lang='lat' dir='ltr'><strong>specifici</strong></span> <span class='ocrx_word' id='word_1_22' title='bbox 395 1241 643 1314; x_wconf 88' lang='grc'><strong>088-090.</strong></span> 
     </span>
    </p>
   </div>
   <div class='ocr_carea' id='block_1_2' title="bbox 404 1520 1124 1663">
    <p class='ocr_par' dir='ltr' id='par_1_4' title="bbox 404 1520 1124 1663">
     <span class='ocr_line' id='line_1_6' title="bbox 404 1520 1124 1663; baseline -0.001 -3"><span class='ocrx_word' id='word_1_23' title='bbox 404 1520 411 1533; x_wconf 83' lang='grc'><strong><em>’</em></strong></span> <span class='ocrx_word' id='word_1_24' title='bbox 501 1527 730 1663; x_wconf 84' lang='lat' dir='ltr'><strong>Lithiun</strong></span> <span class='ocrx_word' id='word_1_25' title='bbox 768 1527 1124 1662; x_wconf 82' lang='lat' dir='ltr'><strong>carbunicam.</strong></span> 
     </span>
    </p>
   </div>
   <div class='ocr_carea' id='block_1_3' title="bbox 209 1748 1409 3878">
    <p class='ocr_par' dir='ltr' id='par_1_5' title="bbox 212 1748 1406 2076">
     <span class='ocr_line' id='line_1_7' title="bbox 319 1748 1406 1843; baseline 0.003 -23"><span class='ocrx_word' id='word_1_26' title='bbox 319 1748 445 1822; x_wconf 87' lang='lat' dir='ltr'><strong>Pulvis</strong></span> <span class='ocrx_word' id='word_1_27' title='bbox 479 1749 599 1836; x_wconf 87' lang='lat' dir='ltr'><strong>albus,</strong></span> <span class='ocrx_word' id='word_1_28' title='bbox 629 1749 872 1823; x_wconf 77' lang='lat' dir='ltr'><strong>candefactus</strong></span> <span class='ocrx_word' id='word_1_29' title='bbox 904 1748 1129 1841; x_wconf 85' lang='lat' dir='ltr'><strong>liquescens,</strong></span> <span class='ocrx_word' id='word_1_30' title='bbox 1163 1749 1203 1823; x_wconf 90' lang='lat' dir='ltr'><strong>in</strong></span> <span class='ocrx_word' id='word_1_31' title='bbox 1235 1751 1406 1843; x_wconf 90' lang='lat' dir='ltr'><strong>partibus</strong></span> 
     </span>
     <span class='ocr_line' id='line_1_8' title="bbox 212 1875 1406 1969; baseline 0.001 -20"><span class='ocrx_word' id='word_1_32' title='bbox 212 1875 356 1949; x_wconf 82' lang='lat' dir='ltr'>circiter</span> <span class='ocrx_word' id='word_1_33' title='bbox 375 1876 427 1949; x_wconf 86' lang='lat'><strong>80</strong></span> <span class='ocrx_word' id='word_1_34' title='bbox 448 1897 569 1968; x_wconf 87' lang='lat' dir='ltr'><strong>aquae</strong></span> <span class='ocrx_word' id='word_1_35' title='bbox 588 1876 742 1969; x_wconf 80' lang='lat' dir='ltr'><strong>frigidae</strong></span> <span class='ocrx_word' id='word_1_36' title='bbox 762 1876 948 1964; x_wconf 89' lang='lat' dir='ltr'><strong>solubilis;</strong></span> <span class='ocrx_word' id='word_1_37' title='bbox 982 1878 1120 1951; x_wconf 89' lang='lat' dir='ltr'><strong>solutio</strong></span> <span class='ocrx_word' id='word_1_38' title='bbox 1136 1881 1195 1950; x_wconf 91' lang='lat' dir='ltr'><strong>est</strong></span> <span class='ocrx_word' id='word_1_39' title='bbox 1208 1877 1406 1951; x_wconf 82' lang='lat' dir='ltr'><strong>coactionis</strong></span> 
     </span>
     <span class='ocr_line' id='line_1_9' title="bbox 212 2003 402 2076; baseline -0.005 0"><span class='ocrx_word' id='word_1_40' title='bbox 212 2003 402 2076; x_wconf 87' lang='lat' dir='ltr'><strong>alcaiinac.</strong></span> 
     </span>
    </p>

    <p class='ocr_par' dir='ltr' id='par_1_6' title="bbox 209 2129 1407 2478">
     <span class='ocr_line' id='line_1_10' title="bbox 321 2129 1406 2222; baseline 0.004 -21"><span class='ocrx_word' id='word_1_41' title='bbox 321 2130 441 2203; x_wconf 77' lang='lat' dir='ltr'><strong>Acido</strong></span> <span class='ocrx_word' id='word_1_42' title='bbox 461 2129 748 2222; x_wconf 90' lang='lat' dir='ltr'><strong>hydrochlorico</strong></span> <span class='ocrx_word' id='word_1_43' title='bbox 778 2131 894 2205; x_wconf 90' lang='lat' dir='ltr'><strong>diluto</strong></span> <span class='ocrx_word' id='word_1_44' title='bbox 924 2131 997 2204; x_wconf 85' lang='lat' dir='ltr'><strong>sub</strong></span> <span class='ocrx_word' id='word_1_45' title='bbox 1027 2130 1309 2205; x_wconf 84' lang='lat' dir='ltr'><strong>effervescentia</strong></span> <span class='ocrx_word' id='word_1_46' title='bbox 1332 2132 1406 2205; x_wconf 92' lang='lat' dir='ltr'><strong>sol·</strong></span> 
     </span>
     <span class='ocr_line' id='line_1_11' title="bbox 214 2257 1407 2345; baseline 0 -15"><span class='ocrx_word' id='word_1_47' title='bbox 214 2257 321 2345; x_wconf 62' lang='grc'><strong>11100</strong></span> <span class='ocrx_word' id='word_1_48' title='bbox 374 2257 510 2332; x_wconf 85' lang='lat' dir='ltr'><strong>solutio</strong></span> <span class='ocrx_word' id='word_1_49' title='bbox 563 2259 716 2331; x_wconf 90' lang='lat' dir='ltr'><strong>obtenta</strong></span> <span class='ocrx_word' id='word_1_50' title='bbox 757 2258 930 2331; x_wconf 90' lang='lat' dir='ltr'><strong>flammae</strong></span> <span class='ocrx_word' id='word_1_51' title='bbox 979 2259 1143 2331; x_wconf 88' lang='lat' dir='ltr'><strong>colorem</strong></span> <span class='ocrx_word' id='word_1_52' title='bbox 1191 2259 1407 2332; x_wconf 89' lang='lat' dir='ltr'><strong>coccineum</strong></span> 
     </span>
     <span class='ocr_line' id='line_1_12' title="bbox 209 2383 382 2478; baseline 0.017 -22"><span class='ocrx_word' id='word_1_53' title='bbox 209 2383 382 2478; x_wconf 86' lang='lat' dir='ltr'><strong>impertit.</strong></span> 
     </span>
    </p>

    <p class='ocr_par' dir='ltr' id='par_1_7' title="bbox 212 2510 1409 2986">
     <span class='ocr_line' id='line_1_13' title="bbox 323 2510 1409 2607; baseline 0.001 -23"><span class='ocrx_word' id='word_1_54' title='bbox 323 2511 465 2586; x_wconf 85' lang='lat' dir='ltr'><strong>Solutio</strong></span> <span class='ocrx_word' id='word_1_55' title='bbox 495 2534 641 2605; x_wconf 84' lang='lat' dir='ltr'><strong>aquosa</strong></span> <span class='ocrx_word' id='word_1_56' title='bbox 669 2510 705 2607; x_wconf 83' lang='lat'><strong>(1</strong></span> <span class='ocrx_word' id='word_1_57' title='bbox 727 2544 775 2578; x_wconf 91' lang='lat'><strong><em>=</em></strong></span> <span class='ocrx_word' id='word_1_58' title='bbox 798 2513 864 2604; x_wconf 83' lang='lat'><strong>50)</strong></span> <span class='ocrx_word' id='word_1_59' title='bbox 899 2534 971 2605; x_wconf 89' lang='lat' dir='ltr'><strong>ope</strong></span> <span class='ocrx_word' id='word_1_60' title='bbox 1000 2512 1095 2585; x_wconf 82' lang='lat' dir='ltr'>acidi</span> <span class='ocrx_word' id='word_1_61' title='bbox 1127 2512 1247 2586; x_wconf 85' lang='lat' dir='ltr'><strong>uitrici</strong></span> <span class='ocrx_word' id='word_1_62' title='bbox 1276 2512 1409 2586; x_wconf 85' lang='lat' dir='ltr'><strong>effecta</strong></span> 
     </span>
     <span class='ocr_line' id='line_1_14' title="bbox 212 2638 1407 2733; baseline 0 -20"><span class='ocrx_word' id='word_1_63' title='bbox 212 2659 282 2713; x_wconf 87' lang='lat' dir='ltr'><strong>nec</strong></span> <span class='ocrx_word' id='word_1_64' title='bbox 315 2661 416 2733; x_wconf 86' lang='lat' dir='ltr'><strong>aqua</strong></span> <span class='ocrx_word' id='word_1_65' title='bbox 439 2638 756 2733; x_wconf 74' lang='lat' dir='ltr'><strong>hydrosulfurata</strong></span> <span class='ocrx_word' id='word_1_66' title='bbox 790 2660 861 2715; x_wconf 88' lang='lat' dir='ltr'><strong>nec</strong></span> <span class='ocrx_word' id='word_1_67' title='bbox 893 2640 1011 2733; x_wconf 79' lang='lat' dir='ltr'><strong>haryo</strong></span> <span class='ocrx_word' id='word_1_68' title='bbox 1045 2639 1189 2730; x_wconf 86' lang='lat' dir='ltr'><strong>uitrico,</strong></span> <span class='ocrx_word' id='word_1_69' title='bbox 1222 2660 1293 2714; x_wconf 90' lang='lat' dir='ltr'><strong>nec</strong></span> <span class='ocrx_word' id='word_1_70' title='bbox 1326 2661 1407 2714; x_wconf 91' lang='lat' dir='ltr'><strong>am·</strong></span> 
     </span>
     <span class='ocr_line' id='line_1_15' title="bbox 213 2767 1405 2857; baseline -0.001 -17"><span class='ocrx_word' id='word_1_71' title='bbox 213 2767 340 2840; x_wconf 88' lang='lat' dir='ltr'><strong>monia</strong></span> <span class='ocrx_word' id='word_1_72' title='bbox 358 2773 395 2840; x_wconf 89' lang='lat' dir='ltr'><strong>et</strong></span> <span class='ocrx_word' id='word_1_73' title='bbox 414 2768 603 2841; x_wconf 87' lang='lat' dir='ltr'><strong>ammonio</strong></span> <span class='ocrx_word' id='word_1_74' title='bbox 624 2769 817 2857; x_wconf 84' lang='lat' dir='ltr'><strong>sulfurato,</strong></span> <span class='ocrx_word' id='word_1_75' title='bbox 837 2789 907 2841; x_wconf 90' lang='lat' dir='ltr'><strong>nec</strong></span> <span class='ocrx_word' id='word_1_76' title='bbox 936 2768 1128 2841; x_wconf 89' lang='lat' dir='ltr'><strong>ammonia</strong></span> <span class='ocrx_word' id='word_1_77' title='bbox 1155 2773 1193 2842; x_wconf 86' lang='lat' dir='ltr'><strong>ct</strong></span> <span class='ocrx_word' id='word_1_78' title='bbox 1215 2767 1405 2841; x_wconf 91' lang='lat' dir='ltr'><strong>ammonio</strong></span> 
     </span>
     <span class='ocr_line' id='line_1_16' title="bbox 212 2894 1405 2986; baseline 0.001 -19"><span class='ocrx_word' id='word_1_79' title='bbox 212 2895 356 2968; x_wconf 86' lang='lat' dir='ltr'><strong>oxalico</strong></span> <span class='ocrx_word' id='word_1_80' title='bbox 376 2899 552 2983; x_wconf 89' lang='lat' dir='ltr'><strong>mutetur,</strong></span> <span class='ocrx_word' id='word_1_81' title='bbox 573 2899 727 2985; x_wconf 81' lang='lat' dir='ltr'><strong>argento</strong></span> <span class='ocrx_word' id='word_1_82' title='bbox 756 2894 887 2968; x_wconf 85' lang='lat' dir='ltr'><strong>uitrico</strong></span> <span class='ocrx_word' id='word_1_83' title='bbox 915 2894 1177 2969; x_wconf 87' lang='lat' dir='ltr'><strong>tantummodo</strong></span> <span class='ocrx_word' id='word_1_84' title='bbox 1203 2895 1405 2986; x_wconf 71' lang='lat' dir='ltr'><strong>opalescat.</strong></span> 
     </span>
    </p>

    <p class='ocr_par' dir='ltr' id='par_1_8' title="bbox 213 3021 1405 3477">
     <span class='ocr_line' id='line_1_17' title="bbox 322 3021 1404 3114; baseline -0.003 -17"><span class='ocrx_word' id='word_1_85' title='bbox 322 3021 621 3114; x_wconf 79' lang='lat' dir='ltr'><strong>Decigrammata</strong></span> <span class='ocrx_word' id='word_1_86' title='bbox 659 3021 682 3094; x_wconf 73' lang='grc'><strong>0</strong></span> <span class='ocrx_word' id='word_1_87' title='bbox 715 3021 827 3095; x_wconf 89' lang='lat' dir='ltr'><strong>Lithii</strong></span> <span class='ocrx_word' id='word_1_88' title='bbox 874 3022 1064 3096; x_wconf 88' lang='lat' dir='ltr'><strong>carbonici</strong></span> <span class='ocrx_word' id='word_1_89' title='bbox 1099 3023 1139 3095; x_wconf 93' lang='lat' dir='ltr'><strong>in</strong></span> <span class='ocrx_word' id='word_1_90' title='bbox 1187 3021 1404 3095; x_wconf 86' lang='lat' dir='ltr'><strong>centimetro</strong></span> 
     </span>
     <span class='ocr_line' id='line_1_18' title="bbox 214 3149 1404 3248; baseline 0.001 -28"><span class='ocrx_word' id='word_1_91' title='bbox 214 3149 345 3223; x_wconf 91' lang='lat' dir='ltr'><strong>cubico</strong></span> <span class='ocrx_word' id='word_1_92' title='bbox 366 3149 460 3221; x_wconf 83' lang='lat' dir='ltr'>acidi</span> <span class='ocrx_word' id='word_1_93' title='bbox 478 3149 753 3248; x_wconf 76' lang='lat' dir='ltr'><strong>hydrochlorici</strong></span> <span class='ocrx_word' id='word_1_94' title='bbox 773 3151 897 3223; x_wconf 87' lang='lat' dir='ltr'><strong>soluta</strong></span> <span class='ocrx_word' id='word_1_95' title='bbox 916 3156 954 3222; x_wconf 87' lang='lat' dir='ltr'><strong>et</strong></span> <span class='ocrx_word' id='word_1_96' title='bbox 972 3149 1021 3221; x_wconf 89' lang='lat' dir='ltr'><strong>ad</strong></span> <span class='ocrx_word' id='word_1_97' title='bbox 1040 3149 1183 3223; x_wconf 91' lang='lat' dir='ltr'><strong>siccum</strong></span> <span class='ocrx_word' id='word_1_98' title='bbox 1202 3154 1404 3242; x_wconf 80' lang='lat' dir='ltr'><strong>evaporata</strong></span> 
     </span>
     <span class='ocr_line' id='line_1_19' title="bbox 213 3276 1405 3370; baseline 0.001 -21"><span class='ocrx_word' id='word_1_99' title='bbox 213 3276 408 3349; x_wconf 90' lang='lat' dir='ltr'><strong>residuum</strong></span> <span class='ocrx_word' id='word_1_100' title='bbox 426 3277 634 3368; x_wconf 88' lang='lat' dir='ltr'><strong>praebeant</strong></span> <span class='ocrx_word' id='word_1_101' title='bbox 650 3278 689 3350; x_wconf 88' lang='lat' dir='ltr'><strong>iu</strong></span> <span class='ocrx_word' id='word_1_102' title='bbox 710 3276 936 3350; x_wconf 83' lang='lat' dir='ltr'><strong>centimetris</strong></span> <span class='ocrx_word' id='word_1_103' title='bbox 956 3277 1096 3350; x_wconf 88' lang='lat' dir='ltr'>cubicis</span> <span class='ocrx_word' id='word_1_104' title='bbox 1118 3278 1141 3350; x_wconf 86' lang='lat'><strong>3</strong></span> <span class='ocrx_word' id='word_1_105' title='bbox 1161 3276 1313 3370; x_wconf 88' lang='lat' dir='ltr'><strong>spiritus</strong></span> <span class='ocrx_word' id='word_1_106' title='bbox 1326 3276 1405 3349; x_wconf 84' lang='lat' dir='ltr'><strong>vini</strong></span> 
     </span>
     <span class='ocr_line' id='line_1_20' title="bbox 213 3403 382 3477; baseline -0.006 0"><span class='ocrx_word' id='word_1_107' title='bbox 213 3403 382 3477; x_wconf 85' lang='lat' dir='ltr'>solubile.</span> 
     </span>
    </p>

    <p class='ocr_par' dir='ltr' id='par_1_9' title="bbox 212 3530 1408 3878">
     <span class='ocr_line' id='line_1_21' title="bbox 320 3530 1402 3624; baseline 0.001 -21"><span class='ocrx_word' id='word_1_108' title='bbox 320 3531 620 3623; x_wconf 83' lang='lat' dir='ltr'><strong>Decigrammata</strong></span> <span class='ocrx_word' id='word_1_109' title='bbox 640 3531 663 3604; x_wconf 86' lang='lat'>5</span> <span class='ocrx_word' id='word_1_110' title='bbox 682 3530 791 3604; x_wconf 89' lang='lat' dir='ltr'><strong>Lithii</strong></span> <span class='ocrx_word' id='word_1_111' title='bbox 811 3531 1000 3605; x_wconf 87' lang='lat' dir='ltr'><strong>carbonici</strong></span> <span class='ocrx_word' id='word_1_112' title='bbox 1018 3535 1271 3624; x_wconf 77' lang='lat' dir='ltr'><strong>temperatura</strong></span> <span class='ocrx_word' id='word_1_113' title='bbox 1301 3531 1402 3604; x_wconf 87' lang='grc' dir='ltr'><strong>100Ο</strong></span> 
     </span>
     <span class='ocr_line' id='line_1_22' title="bbox 213 3657 1405 3732; baseline 0 -2"><span class='ocrx_word' id='word_1_114' title='bbox 213 3657 340 3731; x_wconf 84' lang='lat' dir='ltr'><strong>siccati</strong></span> <span class='ocrx_word' id='word_1_115' title='bbox 359 3679 407 3732; x_wconf 87' lang='lat' dir='ltr'><strong>ne</strong></span> <span class='ocrx_word' id='word_1_116' title='bbox 430 3658 528 3732; x_wconf 87' lang='lat' dir='ltr'><strong>infra</strong></span> <span class='ocrx_word' id='word_1_117' title='bbox 547 3657 767 3732; x_wconf 88' lang='lat' dir='ltr'><strong>centimetra</strong></span> <span class='ocrx_word' id='word_1_118' title='bbox 794 3658 927 3732; x_wconf 90' lang='lat' dir='ltr'><strong>cubica</strong></span> <span class='ocrx_word' id='word_1_119' title='bbox 955 3659 1044 3731; x_wconf 76' lang='lat' dir='ltr'><strong>13·‹l</strong></span> <span class='ocrx_word' id='word_1_120' title='bbox 1063 3658 1261 3731; x_wconf 87' lang='lat' dir='ltr'><strong>solutionis</strong></span> <span class='ocrx_word' id='word_1_121' title='bbox 1285 3657 1405 3730; x_wconf 88' lang='lat' dir='ltr'><strong>aicali-</strong></span> 
     </span>
     <span class='ocr_line' id='line_1_23' title="bbox 212 3784 1408 3878; baseline -0.002 -20"><span class='ocrx_word' id='word_1_122' title='bbox 212 3785 387 3859; x_wconf 82' lang='lat' dir='ltr'><strong>metricae</strong></span> <span class='ocrx_word' id='word_1_123' title='bbox 415 3785 595 3859; x_wconf 82' lang='lat' dir='ltr'><strong>normalis</strong></span> <span class='ocrx_word' id='word_1_124' title='bbox 625 3790 863 3875; x_wconf 88' lang='lat' dir='ltr'><strong>consumant,</strong></span> <span class='ocrx_word' id='word_1_125' title='bbox 892 3790 936 3859; x_wconf 89' lang='lat' dir='ltr'><strong>ut</strong></span> <span class='ocrx_word' id='word_1_126' title='bbox 962 3785 1086 3878; x_wconf 88' lang='lat' dir='ltr'><strong>liquor</strong></span> <span class='ocrx_word' id='word_1_127' title='bbox 1112 3788 1245 3858; x_wconf 87' lang='lat' dir='ltr'><strong>neuter</strong></span> <span class='ocrx_word' id='word_1_128' title='bbox 1264 3784 1408 3857; x_wconf 86' lang='lat' dir='ltr'><strong>evadat.</strong></span> 
     </span>
    </p>
   </div>
   <div class='ocr_carea' id='block_1_4' title="bbox 214 4053 1403 4476">
    <p class='ocr_par' dir='ltr' id='par_1_10' title="bbox 214 4053 1403 4476">
     <span class='ocr_line' id='line_1_24' title="bbox 619 4053 997 4226; baseline 0 -40"><span class='ocrx_word' id='word_1_129' title='bbox 619 4053 997 4226; x_wconf 84' lang='lat' dir='ltr'><strong>lycopoliuu.</strong></span> 
     </span>
     <span class='ocr_line' id='line_1_25' title="bbox 323 4273 1403 4373; baseline -0.001 -25"><span class='ocrx_word' id='word_1_130' title='bbox 323 4274 564 4373; x_wconf 57' lang='lat' dir='ltr'><strong>lucopodium</strong></span> <span class='ocrx_word' id='word_1_131' title='bbox 584 4275 757 4349; x_wconf 79' lang='lat' dir='ltr'><strong>ducatum</strong></span> <span class='ocrx_word' id='word_1_132' title='bbox 775 4276 829 4367; x_wconf 88' lang='lat' dir='ltr'><strong>L.‚</strong></span> <span class='ocrx_word' id='word_1_133' title='bbox 850 4275 1048 4351; x_wconf 90' lang='lat' dir='ltr'><strong>fruticulus</strong></span> <span class='ocrx_word' id='word_1_134' title='bbox 1066 4295 1214 4371; x_wconf 75' lang='lat' dir='ltr'><strong>repens</strong></span> <span class='ocrx_word' id='word_1_135' title='bbox 1243 4274 1283 4348; x_wconf 93' lang='lat' dir='ltr'><strong>in</strong></span> <span class='ocrx_word' id='word_1_136' title='bbox 1302 4273 1403 4347; x_wconf 85' lang='lat' dir='ltr'><strong>silvis</strong></span> 
     </span>
     <span class='ocr_line' id='line_1_26' title="bbox 214 4402 610 4476; baseline 0 -2"><span class='ocrx_word' id='word_1_137' title='bbox 214 4402 404 4475; x_wconf 87' lang='lat' dir='ltr'><strong>montanis</strong></span> <span class='ocrx_word' id='word_1_138' title='bbox 424 4423 610 4476; x_wconf 85' lang='lat' dir='ltr'><strong>crescens.</strong></span> 
     </span>
    </p>
   </div>
   <div class='ocr_carea' id='block_1_5' title="bbox 213 4529 1406 4750">
    <p class='ocr_par' dir='ltr' id='par_1_11' title="bbox 213 4529 1406 4750">
     <span class='ocr_line' id='line_1_27' title="bbox 321 4529 1406 4623; baseline -0.001 -22"><span class='ocrx_word' id='word_1_139' title='bbox 321 4529 462 4622; x_wconf 82' lang='lat' dir='ltr'><strong>Sporae</strong></span> <span class='ocrx_word' id='word_1_140' title='bbox 482 4551 502 4604; x_wconf 85' lang='lat' dir='ltr'><strong>e</strong></span> <span class='ocrx_word' id='word_1_141' title='bbox 523 4530 636 4623; x_wconf 88' lang='lat' dir='ltr'><strong>spicis</strong></span> <span class='ocrx_word' id='word_1_142' title='bbox 663 4530 862 4605; x_wconf 85' lang='lat' dir='ltr'><strong>fructiferis</strong></span> <span class='ocrx_word' id='word_1_143' title='bbox 890 4530 1048 4603; x_wconf 89' lang='lat' dir='ltr'><strong>maturis</strong></span> <span class='ocrx_word' id='word_1_144' title='bbox 1077 4549 1259 4602; x_wconf 80' lang='lat' dir='ltr'><strong>excussae</strong></span> <span class='ocrx_word' id='word_1_145' title='bbox 1283 4533 1321 4601; x_wconf 89' lang='lat' dir='ltr'><strong>et</strong></span> <span class='ocrx_word' id='word_1_146' title='bbox 1338 4548 1406 4621; x_wconf 88' lang='lat' dir='ltr'><strong>per</strong></span> 
     </span>
     <span class='ocr_line' id='line_1_28' title="bbox 213 4653 1402 4750; baseline -0.003 -20"><span class='ocrx_word' id='word_1_147' title='bbox 213 4656 377 4730; x_wconf 87' lang='lat' dir='ltr'><strong>cribrum</strong></span> <span class='ocrx_word' id='word_1_148' title='bbox 395 4655 570 4729; x_wconf 84' lang='lat' dir='ltr'><strong>traiectae</strong></span> <span class='ocrx_word' id='word_1_149' title='bbox 598 4655 738 4729; x_wconf 89' lang='lat' dir='ltr'><strong>sistunt</strong></span> <span class='ocrx_word' id='word_1_150' title='bbox 754 4657 947 4750; x_wconf 88' lang='lat' dir='ltr'><strong>pulverem</strong></span> <span class='ocrx_word' id='word_1_151' title='bbox 961 4653 1402 4748; x_wconf 80' lang='lat' dir='ltr'><strong>subtilissimumpallide</strong></span> 
     </span>
    </p>
   </div>
   <div class='ocr_carea' id='block_1_6' title="bbox 0 0 1875 5400">
    <p class='ocr_par' dir='ltr' id='par_1_12' title="bbox 0 0 1875 5400">
     <span class='ocr_line' id='line_1_29' title="bbox 0 0 1875 5400; baseline 0 0"><span class='ocrx_word' id='word_1_152' title='bbox 0 0 1875 5400; x_wconf 95' lang='lat' dir='ltr'><strong> </strong></span> 
     </span>
    </p>
   </div>
  </div>
 </body>
</html>
