3725 5400
931 480 1174 555 -336-

454 701 581 769 menta
613 698 915 790 pareuchymatis
950 719 970 771 e
1000 699 1141 772 cellulis
1178 701 1367 794 polyedris
1401 706 1524 798 amylo
1557 706 1651 799 letis
1741 749 1746 759 ·

453 824 674 896 membrana
692 825 916 897 fusco-[lava
933 831 1113 918 punctata
1130 827 1332 903 instructis.
1362 829 1500 904 Rarius
1521 835 1649 908 obser·

452 954 587 1023 vantur
605 950 645 1023 iu
666 952 819 1045 pulvere
838 953 1049 1045 fragmenta
1076 954 1316 1048 epidermidis
1346 957 1610 1051 cotyledonum
1629 983 1650 1035 e

453 1077 594 1151 cellulis
603 1079 729 1172 parvis
743 1079 954 1172 polygonis
970 1082 1181 1173 fragmenta
1194 1083 1650 1162 lasciculorumvasorum

451 1204 552 1277 vasis
582 1205 782 1299 spiralibus
812 1208 1089 1299 angustissimis
1119 1231 1189 1283 nec
1208 1231 1287 1283 nou
1305 1211 1370 1304 pili
1387 1212 1649 1289 unicellulares

450 1333 610 1422 cuneati,
633 1334 845 1424 acuminati,
867 1356 982 1428 saepe
1000 1335 1251 1429 irregulariter
1280 1338 1423 1412 curvati
1442 1344 1479 1412 et
1497 1343 1648 1431 arcuati,

449 1459 587 1552 singuli
610 1466 675 1534 aut
703 1462 848 1553 stellati,
872 1463 1094 1536 membrana
1125 1469 1186 1537 sat
1207 1464 1418 1539 incrassata
1446 1470 1483 1539 et
1505 1469 1647 1561 passim

447 1587 511 1682 pili
531 1588 679 1682 capitati
698 1589 990 1682 pluricellulares
1009 1591 1230 1685 plerumque
1251 1591 1394 1665 clavati.

554 1715 686 1789 Partes
710 1717 785 1789 100
805 1716 969 1810 pulveris
989 1739 1036 1791 ue
1065 1718 1150 1811 plus
1176 1740 1290 1811 quam
1318 1725 1445 1813 partes
1467 1723 1489 1794 3
1511 1722 1645 1797 cineris

446 1842 669 1936 relinquant
701 1844 843 1918 Eadem
877 1845 1066 1939 quantitas
1095 1846 1258 1940 pulveris
1292 1847 1415 1938 grossi
1443 1870 1490 1922 ne
1519 1850 1644 1924 minus

448 1993 562 2063 quam
580 1977 706 2065 partes
731 1972 779 2044 10
800 1971 954 2046 extracti
972 1972 1163 2067 spirituosi
1181 1974 1370 2067 praebeat.

555 2098 700 2188 Quodsi
723 2099 928 2192 pauxillum
956 2099 1119 2192 pulveris
1137 2100 1177 2173 in
1204 2100 1373 2194 patinula
1390 2102 1516 2195 vitrea,
1544 2108 1643 2179 tecta

445 2226 574 2299 tabula
590 2226 708 2300 vitrea
733 2231 840 2300 caute
861 2226 1087 2316 calefeceris
1108 2226 1148 2300 iu
1166 2227 1339 2301 interiore
1358 2229 1473 2303 latere
1491 2231 1642 2306 tabulae

444 2353 683 2428 sublimando
704 2354 866 2447 crystalli
885 2353 1062 2448 copiosae
1082 2354 1299 2444 aciculares‚
1320 2377 1434 2449 saepe
1453 2356 1493 2430 in
1510 2357 1640 2452 figuris

443 2481 628 2575 plumosis
648 2488 712 2555 aut
730 2482 967 2575 prismaticae
987 2483 1137 2556 coffe‘iui
1156 2483 1372 2575 adpareant.

550 2607 681 2682 Partes
714 2609 790 2681 100
813 2609 977 2704 pulveris
1008 2608 1168 2681 examini
1196 2608 1443 2703 subsequenti
1471 2610 1638 2686 chemico

443 2738 633 2813 subiectae
649 2759 697 2811 ne
713 2738 838 2810 minus
854 2759 969 2829 quam
983 2742 1129 2830 partem
1146 2759 1264 2810 unam
1279 2742 1317 2811 et
1330 2738 1445 2811 semis
1456 2738 1550 2837 (1·5)
1567 2741 1642 2814 col·

442 2865 530 2938 fetui
549 2864 760 2938 exhibeant.

551 2991 769 3066 Grammata
807 2992 830 3064 6
867 2991 1032 3085 pulveris
1080 2991 1232 3064 extrahe
1271 2992 1563 3084 conquassando
1601 2993 1639 3067 iu

441 3121 575 3211 lagena
602 3119 739 3192 idonea
768 3139 854 3192 cum
884 3118 1062 3211 mammis
1092 3121 1143 3191 60
1173 3117 1427 3191 chlorolormii
1464 3119 1638 3195 admixtis
1672 3114 1674 3119 ’

441 3246 667 3319 centimetris
697 3246 837 3319 cubicis
859 3247 882 3319 6
904 3246 1127 3319 ammoniae.
1158 3245 1306 3337 Sepone
1334 3266 1402 3338 per
1428 3245 1545 3320 boras
1575 3248 1638 3335 1u;

440 3379 520 3447 tum
539 3374 648 3447 filtra.
670 3371 887 3446 Grammata
908 3374 958 3446 50
974 3372 1128 3465 liquoris
1143 3372 1268 3446 filtrati
1283 3371 1507 3445 destillaudo
1522 3374 1639 3449 libera

440 3524 463 3574 a
491 3502 773 3589 chloroforuri03
801 3501 997 3575 residuum
1031 3503 1134 3574 solve
1168 3501 1206 3573 in
1240 3499 1467 3573 centimetu's
1498 3501 1638 3575 cubicis

441 3632 462 3702 3
493 3630 675 3703 alcoholis
705 3630 881 3715 absoluti;
930 3650 1094 3720 evapora
1122 3628 1348 3702 solutionem
1379 3631 1416 3700 et
1441 3628 1638 3703 residuum

438 3757 541 3830 solve
560 3758 600 3830 in
618 3757 825 3831 miscellae
846 3756 1072 3830 centimetris
1102 3755 1241 3829 cubicis
1272 3755 1295 3828 3
1315 3753 1468 3847 spiritus
1497 3754 1573 3828 vini
1601 3762 1638 3830 et

438 3885 663 3958 centimetris
685 3883 825 3958 cubicis
848 3885 867 3955 7
891 3904 1024 3976 aquae.
1046 3883 1230 3956 Admixtis
1247 3880 1474 3955 centimetris
1495 3882 1635 3957 cubicis

438 4014 489 4085 lt)
509 4035 629 4105 aquae
649 4013 748 4085 filtra
774 4012 960 4103 liquorem
987 4032 1055 4105 per·
1081 4011 1222 4084 filtrum
1250 4031 1350 4101 aqua
1376 4007 1635 4082 humectatum

435 4140 474 4212 iu
510 4140 678 4232 patinam
714 4138 871 4211 vitream
908 4160 1064 4232 parvam
1101 4137 1280 4232 ponderis
1318 4135 1413 4223 noti;
1455 4135 1635 4209 filtratum

436 4288 598 4360 evapora
629 4267 755 4360 plaue;
793 4265 988 4339 residuum
1022 4265 1276 4358 crystallinum
1309 4262 1437 4336 album
1465 4262 1566 4336 sicca
1593 4263 1633 4336 in

435 4400 618 4489 apparatu
637 4394 880 4468 exsiccatorio
901 4400 937 4466 et
956 4394 1096 4467 trutina
1115 4392 1298 4466 examina,

543 4523 631 4595 Eius
682 4522 834 4616 pondus
881 4521 930 4594 sit
972 4521 1123 4594 minime
1167 4519 1516 4610 centigrammatum
1567 4515 1629 4590 7·5

432 4649 670 4743 respondens
699 4650 794 4743 parti
823 4649 1049 4723 centesimae
1073 4648 1134 4720 1·5
1155 4645 1313 4719 colletni.
