<?xml version="1.0" encoding="UTF-8"?>
<!DOCTYPE html PUBLIC "-//W3C//DTD XHTML 1.0 Transitional//EN"
    "http://www.w3.org/TR/xhtml1/DTD/xhtml1-transitional.dtd">
<html xmlns="http://www.w3.org/1999/xhtml" xml:lang="en" lang="en">
 <head>
  <title>
</title>
<meta http-equiv="Content-Type" content="text/html;charset=utf-8" />
  <meta name='ocr-system' content='tesseract 3.04.00' />
  <meta name='ocr-capabilities' content='ocr_page ocr_carea ocr_par ocr_line ocrx_word'/>
</head>
<body>
  <div class='ocr_page' id='page_1' title='image "./pharmacopoeaaus00innegoog_0049.png"; bbox 0 0 3725 5400; ppageno 0'>
   <div class='ocr_carea' id='block_1_1' title="bbox 722 486 935 558">
    <p class='ocr_par' dir='ltr' id='par_1_1' title="bbox 722 486 935 558">
     <span class='ocr_line' id='line_1_1' title="bbox 722 486 935 558; baseline 0.005 -20"><span class='ocrx_word' id='word_1_1' title='bbox 722 486 935 558; x_wconf 74' lang='lat'>..17-</span> 
     </span>
    </p>
   </div>
   <div class='ocr_carea' id='block_1_2' title="bbox 232 700 1431 2324">
    <p class='ocr_par' dir='ltr' id='par_1_2' title="bbox 235 700 1429 923">
     <span class='ocr_line' id='line_1_2' title="bbox 341 700 1429 796; baseline 0.002 -20"><span class='ocrx_word' id='word_1_2' title='bbox 341 702 435 776; x_wconf 88' lang='lat' dir='ltr'>Pars</span> <span class='ocrx_word' id='word_1_3' title='bbox 459 702 475 775; x_wconf 92' lang='lat'>1</span> <span class='ocrx_word' id='word_1_4' title='bbox 496 700 601 775; x_wconf 82' lang='lat' dir='ltr'>Acidi</span> <span class='ocrx_word' id='word_1_5' title='bbox 620 702 797 794; x_wconf 86' lang='lat' dir='ltr'>salicylici</span> <span class='ocrx_word' id='word_1_6' title='bbox 815 703 1089 796; x_wconf 83' lang='lat' dir='ltr'>compartibus</span> <span class='ocrx_word' id='word_1_7' title='bbox 1109 705 1134 775; x_wconf 83' lang='lat'>6</span> <span class='ocrx_word' id='word_1_8' title='bbox 1150 702 1246 775; x_wconf 92' lang='lat' dir='ltr'>acidi</span> <span class='ocrx_word' id='word_1_9' title='bbox 1264 702 1429 778; x_wconf 87' lang='lat' dir='ltr'>sulfurici</span> 
     </span>
     <span class='ocr_line' id='line_1_3' title="bbox 235 829 1251 923; baseline -0.001 -20"><span class='ocrx_word' id='word_1_10' title='bbox 235 829 464 904; x_wconf 89' lang='lat' dir='ltr'>concentrati</span> <span class='ocrx_word' id='word_1_11' title='bbox 481 829 601 902; x_wconf 92' lang='lat' dir='ltr'>mixta</span> <span class='ocrx_word' id='word_1_12' title='bbox 620 830 850 919; x_wconf 85' lang='lat' dir='ltr'><strong>absumatur,</strong></span> <span class='ocrx_word' id='word_1_13' title='bbox 871 831 962 923; x_wconf 81' lang='lat' dir='ltr'>qum</span> <span class='ocrx_word' id='word_1_14' title='bbox 981 831 1083 904; x_wconf 92' lang='lat' dir='ltr'>color</span> <span class='ocrx_word' id='word_1_15' title='bbox 1102 829 1251 903; x_wconf 91' lang='lat' dir='ltr'>oriatur.</span> 
     </span>
    </p>

    <p class='ocr_par' dir='ltr' id='par_1_3' title="bbox 232 956 1429 1561">
     <span class='ocr_line' id='line_1_4' title="bbox 340 956 1428 1050; baseline 0.002 -19"><span class='ocrx_word' id='word_1_16' title='bbox 340 957 640 1049; x_wconf 82' lang='lat' dir='ltr'>Decigrammata</span> <span class='ocrx_word' id='word_1_17' title='bbox 660 957 683 1029; x_wconf 87' lang='lat'>5</span> <span class='ocrx_word' id='word_1_18' title='bbox 703 956 809 1031; x_wconf 82' lang='lat' dir='ltr'>Acidi</span> <span class='ocrx_word' id='word_1_19' title='bbox 824 958 999 1050; x_wconf 89' lang='lat' dir='ltr'>salicylici</span> <span class='ocrx_word' id='word_1_20' title='bbox 1013 962 1266 1050; x_wconf 83' lang='lat' dir='ltr'>temperatura</span> <span class='ocrx_word' id='word_1_21' title='bbox 1283 957 1428 1050; x_wconf 80' lang='lat' dir='ltr'>vulgari</span> 
     </span>
     <span class='ocr_line' id='line_1_5' title="bbox 232 1083 1428 1163; baseline 0.001 -5"><span class='ocrx_word' id='word_1_22' title='bbox 232 1086 271 1158; x_wconf 94' lang='lat' dir='ltr'>in</span> <span class='ocrx_word' id='word_1_23' title='bbox 312 1084 538 1159; x_wconf 91' lang='lat' dir='ltr'>centimetris</span> <span class='ocrx_word' id='word_1_24' title='bbox 585 1085 723 1159; x_wconf 81' lang='lat' dir='ltr'>cubicis</span> <span class='ocrx_word' id='word_1_25' title='bbox 772 1087 819 1158; x_wconf 87' lang='lat'>10</span> <span class='ocrx_word' id='word_1_26' title='bbox 849 1083 1048 1159; x_wconf 80' lang='lat' dir='ltr'>solutionis</span> <span class='ocrx_word' id='word_1_27' title='bbox 1090 1084 1199 1163; x_wconf 85' lang='lat' dir='ltr'>natrti</span> <span class='ocrx_word' id='word_1_28' title='bbox 1242 1085 1428 1160; x_wconf 74' lang='lat' dir='ltr'>sarbonici</span> 
     </span>
     <span class='ocr_line' id='line_1_6' title="bbox 233 1211 1428 1309; baseline 0.003 -25"><span class='ocrx_word' id='word_1_29' title='bbox 233 1212 413 1309; x_wconf 81' lang='lat'>(1:10)</span> <span class='ocrx_word' id='word_1_30' title='bbox 432 1212 544 1306; x_wconf 89' lang='lat' dir='ltr'>plane</span> <span class='ocrx_word' id='word_1_31' title='bbox 564 1213 768 1288; x_wconf 81' lang='lat' dir='ltr'>solvantur.</span> <span class='ocrx_word' id='word_1_32' title='bbox 789 1213 931 1288; x_wconf 84' lang='lat' dir='ltr'>Aether</span> <span class='ocrx_word' id='word_1_33' title='bbox 944 1233 1031 1286; x_wconf 92' lang='lat' dir='ltr'>cum</span> <span class='ocrx_word' id='word_1_34' title='bbox 1049 1211 1122 1286; x_wconf 90' lang='lat' dir='ltr'>bac</span> <span class='ocrx_word' id='word_1_35' title='bbox 1136 1211 1323 1287; x_wconf 89' lang='lat' dir='ltr'>solutione</span> <span class='ocrx_word' id='word_1_36' title='bbox 1342 1234 1428 1287; x_wconf 90' lang='lat' dir='ltr'>con·</span> 
     </span>
     <span class='ocr_line' id='line_1_7' title="bbox 234 1339 1429 1433; baseline 0.002 -19"><span class='ocrx_word' id='word_1_37' title='bbox 234 1346 438 1432; x_wconf 88' lang='lat' dir='ltr'>quassatus</span> <span class='ocrx_word' id='word_1_38' title='bbox 472 1340 714 1433; x_wconf 82' lang='lat' dir='ltr'>evaporando</span> <span class='ocrx_word' id='word_1_39' title='bbox 738 1362 787 1415; x_wconf 88' lang='lat' dir='ltr'>ne</span> <span class='ocrx_word' id='word_1_40' title='bbox 809 1340 882 1414; x_wconf 91' lang='lat' dir='ltr'>nisi</span> <span class='ocrx_word' id='word_1_41' title='bbox 902 1339 1078 1433; x_wconf 79' lang='lat' dir='ltr'>exiguum</span> <span class='ocrx_word' id='word_1_42' title='bbox 1097 1340 1291 1414; x_wconf 88' lang='lat' dir='ltr'>residuum</span> <span class='ocrx_word' id='word_1_43' title='bbox 1322 1340 1429 1416; x_wconf 85' lang='lat' dir='ltr'>relin-</span> 
     </span>
     <span class='ocr_line' id='line_1_8' title="bbox 235 1467 1139 1561; baseline 0 -20"><span class='ocrx_word' id='word_1_44' title='bbox 235 1472 334 1561; x_wconf 79' lang='lat' dir='ltr'>quat,</span> <span class='ocrx_word' id='word_1_45' title='bbox 357 1468 459 1561; x_wconf 90' lang='lat' dir='ltr'>quod</span> <span class='ocrx_word' id='word_1_46' title='bbox 479 1467 629 1541; x_wconf 88' lang='lat' dir='ltr'>acidum</span> <span class='ocrx_word' id='word_1_47' title='bbox 649 1468 878 1542; x_wconf 81' lang='lat' dir='ltr'>corbolicum</span> <span class='ocrx_word' id='word_1_48' title='bbox 896 1489 946 1541; x_wconf 90' lang='lat' dir='ltr'>ne</span> <span class='ocrx_word' id='word_1_49' title='bbox 964 1467 1139 1541; x_wconf 80' lang='lat' dir='ltr'>redoleat</span> 
     </span>
    </p>

    <p class='ocr_par' dir='ltr' id='par_1_4' title="bbox 233 1594 1431 2071">
     <span class='ocr_line' id='line_1_9' title="bbox 341 1594 1430 1689; baseline 0.001 -22"><span class='ocrx_word' id='word_1_50' title='bbox 341 1594 485 1668; x_wconf 89' lang='lat' dir='ltr'>Solutio</span> <span class='ocrx_word' id='word_1_51' title='bbox 500 1594 606 1669; x_wconf 83' lang='lat' dir='ltr'>Acidi</span> <span class='ocrx_word' id='word_1_52' title='bbox 622 1595 797 1687; x_wconf 83' lang='lat' dir='ltr'>salicylici</span> <span class='ocrx_word' id='word_1_53' title='bbox 814 1596 854 1669; x_wconf 90' lang='lat' dir='ltr'>in</span> <span class='ocrx_word' id='word_1_54' title='bbox 872 1596 1003 1689; x_wconf 88' lang='lat' dir='ltr'>spiritu</span> <span class='ocrx_word' id='word_1_55' title='bbox 1016 1594 1093 1687; x_wconf 71' lang='lat' dir='ltr'>pini</span> <span class='ocrx_word' id='word_1_56' title='bbox 1108 1596 1143 1686; x_wconf 91' lang='lat'>(1</span> <span class='ocrx_word' id='word_1_57' title='bbox 1160 1626 1209 1660; x_wconf 92' lang='lat'><strong><em>=</em></strong></span> <span class='ocrx_word' id='word_1_58' title='bbox 1226 1597 1289 1686; x_wconf 83' lang='lat'>10)</span> <span class='ocrx_word' id='word_1_59' title='bbox 1302 1595 1430 1669; x_wconf 83' lang='lat' dir='ltr'>addito</span> 
     </span>
     <span class='ocr_line' id='line_1_10' title="bbox 233 1722 1431 1815; baseline 0.001 -20"><span class='ocrx_word' id='word_1_60' title='bbox 233 1743 355 1815; x_wconf 86' lang='lat' dir='ltr'>pauco</span> <span class='ocrx_word' id='word_1_61' title='bbox 385 1722 493 1796; x_wconf 89' lang='lat' dir='ltr'>acido</span> <span class='ocrx_word' id='word_1_62' title='bbox 522 1722 655 1797; x_wconf 87' lang='lat' dir='ltr'>uitrico</span> <span class='ocrx_word' id='word_1_63' title='bbox 685 1723 871 1797; x_wconf 86' lang='lat' dir='ltr'>solutione</span> <span class='ocrx_word' id='word_1_64' title='bbox 897 1723 1042 1815; x_wconf 81' lang='lat' dir='ltr'>argenti</span> <span class='ocrx_word' id='word_1_65' title='bbox 1061 1722 1181 1797; x_wconf 90' lang='lat' dir='ltr'>nitrici</span> <span class='ocrx_word' id='word_1_66' title='bbox 1200 1730 1250 1795; x_wconf 86' lang='lat' dir='ltr'>ne¹</span> <span class='ocrx_word' id='word_1_67' title='bbox 1265 1728 1431 1797; x_wconf 91' lang='lat' dir='ltr'>mutetur</span> 
     </span>
     <span class='ocr_line' id='line_1_11' title="bbox 234 1849 1429 1943; baseline 0 -20"><span class='ocrx_word' id='word_1_68' title='bbox 234 1855 272 1923; x_wconf 89' lang='lat' dir='ltr'>et</span> <span class='ocrx_word' id='word_1_69' title='bbox 307 1871 380 1923; x_wconf 91' lang='lat' dir='ltr'>sua</span> <span class='ocrx_word' id='word_1_70' title='bbox 416 1856 571 1943; x_wconf 84' lang='lat' dir='ltr'>sponte</span> <span class='ocrx_word' id='word_1_71' title='bbox 590 1850 639 1923; x_wconf 90' lang='lat' dir='ltr'>ad</span> <span class='ocrx_word' id='word_1_72' title='bbox 673 1850 815 1925; x_wconf 91' lang='lat' dir='ltr'>siccum</span> <span class='ocrx_word' id='word_1_73' title='bbox 849 1856 1057 1943; x_wconf 86' lang='lat' dir='ltr'>evaporata</span> <span class='ocrx_word' id='word_1_74' title='bbox 1087 1850 1282 1924; x_wconf 88' lang='lat' dir='ltr'>residuum</span> <span class='ocrx_word' id='word_1_75' title='bbox 1316 1849 1429 1943; x_wconf 90' lang='lat' dir='ltr'>plane</span> 
     </span>
     <span class='ocr_line' id='line_1_12' title="bbox 233 1977 574 2071; baseline -0.003 -21"><span class='ocrx_word' id='word_1_76' title='bbox 233 1977 359 2050; x_wconf 89' lang='lat' dir='ltr'>album</span> <span class='ocrx_word' id='word_1_77' title='bbox 376 1978 574 2071; x_wconf 89' lang='lat' dir='ltr'>relinquat.</span> 
     </span>
    </p>

    <p class='ocr_par' dir='ltr' id='par_1_5' title="bbox 232 2104 1430 2324">
     <span class='ocr_line' id='line_1_13' title="bbox 342 2104 1430 2197; baseline 0.002 -21"><span class='ocrx_word' id='word_1_78' title='bbox 342 2104 641 2196; x_wconf 84' lang='lat' dir='ltr'>Decigrammata</span> <span class='ocrx_word' id='word_1_79' title='bbox 661 2107 683 2179; x_wconf 84' lang='lat'>5</span> <span class='ocrx_word' id='word_1_80' title='bbox 704 2104 813 2179; x_wconf 80' lang='lat' dir='ltr'>Acidi</span> <span class='ocrx_word' id='word_1_81' title='bbox 841 2105 1017 2197; x_wconf 84' lang='lat' dir='ltr'>salicylici</span> <span class='ocrx_word' id='word_1_82' title='bbox 1041 2107 1265 2180; x_wconf 83' lang='lat' dir='ltr'>comburant</span> <span class='ocrx_word' id='word_1_83' title='bbox 1280 2104 1430 2179; x_wconf 89' lang='lat' dir='ltr'>residuo</span> 
     </span>
     <span class='ocr_line' id='line_1_14' title="bbox 232 2231 718 2324; baseline 0.002 -19"><span class='ocrx_word' id='word_1_84' title='bbox 232 2231 467 2324; x_wconf 89' lang='lat' dir='ltr'>ponderabili</span> <span class='ocrx_word' id='word_1_85' title='bbox 485 2254 563 2306; x_wconf 92' lang='lat' dir='ltr'>non</span> <span class='ocrx_word' id='word_1_86' title='bbox 581 2232 718 2306; x_wconf 89' lang='lat' dir='ltr'>relicto.</span> 
     </span>
    </p>
   </div>
   <div class='ocr_carea' id='block_1_3' title="bbox 328 2519 1339 2664">
    <p class='ocr_par' dir='ltr' id='par_1_6' title="bbox 328 2519 1339 2664">
     <span class='ocr_line' id='line_1_15' title="bbox 328 2519 1339 2664; baseline 0.001 -12"><span class='ocrx_word' id='word_1_87' title='bbox 328 2519 554 2654; x_wconf 83' lang='lat' dir='ltr'>Acilun</span> <span class='ocrx_word' id='word_1_88' title='bbox 584 2520 897 2664; x_wconf 84' lang='lat' dir='ltr'>sulimicun</span> <span class='ocrx_word' id='word_1_89' title='bbox 926 2526 1339 2655; x_wconf 85' lang='lat' dir='ltr'>concenbatun.</span> 
     </span>
    </p>
   </div>
   <div class='ocr_carea' id='block_1_4' title="bbox 235 2742 1431 4618">
    <p class='ocr_par' dir='ltr' id='par_1_7' title="bbox 235 2742 1430 3199">
     <span class='ocr_line' id='line_1_16' title="bbox 343 2742 1429 2836; baseline 0 -21"><span class='ocrx_word' id='word_1_90' title='bbox 343 2743 483 2836; x_wconf 91' lang='lat' dir='ltr'>Liquor</span> <span class='ocrx_word' id='word_1_91' title='bbox 510 2744 592 2817; x_wconf 92' lang='lat' dir='ltr'>oleo</span> <span class='ocrx_word' id='word_1_92' title='bbox 625 2743 755 2816; x_wconf 90' lang='lat' dir='ltr'>similis</span> <span class='ocrx_word' id='word_1_93' title='bbox 785 2743 946 2830; x_wconf 86' lang='lat' dir='ltr'>decolor,</span> <span class='ocrx_word' id='word_1_94' title='bbox 976 2743 1103 2816; x_wconf 90' lang='lat' dir='ltr'>odoris</span> <span class='ocrx_word' id='word_1_95' title='bbox 1134 2764 1278 2836; x_wconf 86' lang='lat' dir='ltr'>expers,</span> <span class='ocrx_word' id='word_1_96' title='bbox 1308 2742 1429 2816; x_wconf 89' lang='lat' dir='ltr'>calore</span> 
     </span>
     <span class='ocr_line' id='line_1_17' title="bbox 235 2868 1430 2963; baseline 0.002 -23"><span class='ocrx_word' id='word_1_97' title='bbox 235 2868 405 2958; x_wconf 81' lang='lat' dir='ltr'>volatilis,</span> <span class='ocrx_word' id='word_1_98' title='bbox 428 2871 607 2963; x_wconf 91' lang='lat' dir='ltr'>ponderis</span> <span class='ocrx_word' id='word_1_99' title='bbox 627 2870 792 2963; x_wconf 89' lang='lat' dir='ltr'>specifici</span> <span class='ocrx_word' id='word_1_100' title='bbox 815 2872 911 2943; x_wconf 77' lang='lat' dir='ltr'>1·8l.</span> <span class='ocrx_word' id='word_1_101' title='bbox 956 2870 1068 2962; x_wconf 84' lang='lat' dir='ltr'>Aqua</span> <span class='ocrx_word' id='word_1_102' title='bbox 1086 2870 1224 2943; x_wconf 88' lang='lat' dir='ltr'>dilutus</span> <span class='ocrx_word' id='word_1_103' title='bbox 1244 2870 1430 2943; x_wconf 88' lang='lat' dir='ltr'>solutione</span> 
     </span>
     <span class='ocr_line' id='line_1_18' title="bbox 237 2996 1430 3090; baseline 0.002 -22"><span class='ocrx_word' id='word_1_104' title='bbox 237 2996 343 3089; x_wconf 88' lang='lat' dir='ltr'>baryi</span> <span class='ocrx_word' id='word_1_105' title='bbox 360 2996 480 3070; x_wconf 88' lang='lat' dir='ltr'>nitrici</span> <span class='ocrx_word' id='word_1_106' title='bbox 503 2997 669 3071; x_wconf 89' lang='lat' dir='ltr'>admixta</span> <span class='ocrx_word' id='word_1_107' title='bbox 688 2998 938 3071; x_wconf 91' lang='lat' dir='ltr'>sedimentum</span> <span class='ocrx_word' id='word_1_108' title='bbox 976 2997 1111 3086; x_wconf 86' lang='lat' dir='ltr'>album,</span> <span class='ocrx_word' id='word_1_109' title='bbox 1141 2998 1180 3070; x_wconf 95' lang='lat' dir='ltr'>in</span> <span class='ocrx_word' id='word_1_110' title='bbox 1209 3019 1308 3090; x_wconf 90' lang='lat' dir='ltr'>aqua</span> <span class='ocrx_word' id='word_1_111' title='bbox 1332 2997 1430 3070; x_wconf 87' lang='lat' dir='ltr'>etin</span> 
     </span>
     <span class='ocr_line' id='line_1_19' title="bbox 236 3124 757 3199; baseline 0.002 -2"><span class='ocrx_word' id='word_1_112' title='bbox 236 3124 353 3198; x_wconf 90' lang='lat' dir='ltr'>acidis</span> <span class='ocrx_word' id='word_1_113' title='bbox 371 3124 569 3198; x_wconf 90' lang='lat' dir='ltr'>insolubile</span> <span class='ocrx_word' id='word_1_114' title='bbox 589 3126 757 3199; x_wconf 85' lang='lat' dir='ltr'>demittit.</span> 
     </span>
    </p>

    <p class='ocr_par' dir='ltr' id='par_1_8' title="bbox 235 3251 1430 3854">
     <span class='ocr_line' id='line_1_20' title="bbox 345 3251 1429 3340; baseline 0 -15"><span class='ocrx_word' id='word_1_115' title='bbox 345 3251 491 3340; x_wconf 82' lang='lat' dir='ltr'>Quodsi</span> <span class='ocrx_word' id='word_1_116' title='bbox 525 3253 786 3326; x_wconf 88' lang='lat' dir='ltr'>centimetrum</span> <span class='ocrx_word' id='word_1_117' title='bbox 826 3252 1000 3326; x_wconf 92' lang='lat' dir='ltr'>cubicum</span> <span class='ocrx_word' id='word_1_118' title='bbox 1040 3251 1231 3325; x_wconf 84' lang='lat' dir='ltr'>mixtionis</span> <span class='ocrx_word' id='word_1_119' title='bbox 1270 3273 1289 3324; x_wconf 91' lang='lat' dir='ltr'>e</span> <span class='ocrx_word' id='word_1_120' title='bbox 1326 3252 1429 3325; x_wconf 85' lang='lat' dir='ltr'>volu·</span> 
     </span>
     <span class='ocr_line' id='line_1_21' title="bbox 235 3377 1429 3454; baseline 0.001 -3"><span class='ocrx_word' id='word_1_121' title='bbox 235 3377 334 3451; x_wconf 91' lang='lat' dir='ltr'>mine</span> <span class='ocrx_word' id='word_1_122' title='bbox 381 3381 397 3452; x_wconf 93' lang='lat'>1</span> <span class='ocrx_word' id='word_1_123' title='bbox 439 3380 546 3452; x_wconf 87' lang='lat' dir='ltr'>Acidi</span> <span class='ocrx_word' id='word_1_124' title='bbox 594 3381 762 3454; x_wconf 82' lang='lat' dir='ltr'>sulfurici</span> <span class='ocrx_word' id='word_1_125' title='bbox 810 3380 1038 3453; x_wconf 86' lang='lat' dir='ltr'>concentrati</span> <span class='ocrx_word' id='word_1_126' title='bbox 1091 3384 1128 3452; x_wconf 89' lang='lat' dir='ltr'>et</span> <span class='ocrx_word' id='word_1_127' title='bbox 1176 3378 1429 3453; x_wconf 86' lang='lat' dir='ltr'>voluminibus</span> 
     </span>
     <span class='ocr_line' id='line_1_22' title="bbox 238 3506 1428 3601; baseline 0.001 -23"><span class='ocrx_word' id='word_1_128' title='bbox 238 3506 260 3577; x_wconf 69' lang='lat' dir='ltr'>b</span> <span class='ocrx_word' id='word_1_129' title='bbox 305 3527 427 3598; x_wconf 87' lang='lat' dir='ltr'>aquae</span> <span class='ocrx_word' id='word_1_130' title='bbox 469 3512 557 3601; x_wconf 88' lang='lat' dir='ltr'>post</span> <span class='ocrx_word' id='word_1_131' title='bbox 595 3509 915 3599; x_wconf 83' lang='lat' dir='ltr'>refrigerationem</span> <span class='ocrx_word' id='word_1_132' title='bbox 959 3506 1184 3580; x_wconf 87' lang='lat' dir='ltr'>centimetris</span> <span class='ocrx_word' id='word_1_133' title='bbox 1229 3506 1367 3579; x_wconf 88' lang='lat' dir='ltr'>cubicis</span> <span class='ocrx_word' id='word_1_134' title='bbox 1405 3507 1428 3579; x_wconf 86' lang='lat'><strong>3</strong></span> 
     </span>
     <span class='ocr_line' id='line_1_23' title="bbox 236 3632 1430 3723; baseline 0.003 -19"><span class='ocrx_word' id='word_1_135' title='bbox 236 3632 434 3707; x_wconf 84' lang='lat' dir='ltr'>solutionis</span> <span class='ocrx_word' id='word_1_136' title='bbox 460 3635 586 3708; x_wconf 87' lang='lat' dir='ltr'>stanni</span> <span class='ocrx_word' id='word_1_137' title='bbox 607 3635 764 3708; x_wconf 85' lang='lat' dir='ltr'>chlorati</span> <span class='ocrx_word' id='word_1_138' title='bbox 785 3635 983 3723; x_wconf 89' lang='lat' dir='ltr'>addideris,</span> <span class='ocrx_word' id='word_1_139' title='bbox 1005 3635 1166 3708; x_wconf 83' lang='lat' dir='ltr'>mixtura</span> <span class='ocrx_word' id='word_1_140' title='bbox 1183 3633 1280 3707; x_wconf 85' lang='lat' dir='ltr'>inter</span> <span class='ocrx_word' id='word_1_141' title='bbox 1297 3634 1430 3707; x_wconf 88' lang='lat' dir='ltr'>horam</span> 
     </span>
     <span class='ocr_line' id='line_1_24' title="bbox 237 3760 931 3854; baseline 0.004 -22"><span class='ocrx_word' id='word_1_142' title='bbox 237 3760 400 3833; x_wconf 92' lang='lat' dir='ltr'>colorem</span> <span class='ocrx_word' id='word_1_143' title='bbox 419 3762 678 3835; x_wconf 89' lang='lat' dir='ltr'>obscuriorem</span> <span class='ocrx_word' id='word_1_144' title='bbox 695 3784 744 3836; x_wconf 92' lang='lat' dir='ltr'>ne</span> <span class='ocrx_word' id='word_1_145' title='bbox 764 3762 931 3854; x_wconf 83' lang='lat' dir='ltr'>accipiat.</span> 
     </span>
    </p>

    <p class='ocr_par' dir='ltr' id='par_1_9' title="bbox 235 3885 1431 4215">
     <span class='ocr_line' id='line_1_25' title="bbox 345 3885 1429 3983; baseline 0.001 -23"><span class='ocrx_word' id='word_1_146' title='bbox 345 3888 504 3962; x_wconf 83' lang='lat' dir='ltr'>Acidum</span> <span class='ocrx_word' id='word_1_147' title='bbox 524 3911 610 3962; x_wconf 92' lang='lat' dir='ltr'>cum</span> <span class='ocrx_word' id='word_1_148' title='bbox 631 3889 828 3983; x_wconf 86' lang='lat' dir='ltr'>quintuplo</span> <span class='ocrx_word' id='word_1_149' title='bbox 848 3888 1037 3962; x_wconf 88' lang='lat' dir='ltr'>volumine</span> <span class='ocrx_word' id='word_1_150' title='bbox 1057 3888 1209 3980; x_wconf 90' lang='lat' dir='ltr'>spiritus</span> <span class='ocrx_word' id='word_1_151' title='bbox 1227 3885 1304 3961; x_wconf 80' lang='lat' dir='ltr'>vini</span> <span class='ocrx_word' id='word_1_152' title='bbox 1322 3892 1429 3961; x_wconf 88' lang='lat' dir='ltr'>caute</span> 
     </span>
     <span class='ocr_line' id='line_1_26' title="bbox 237 4012 1431 4109; baseline 0.003 -24"><span class='ocrx_word' id='word_1_153' title='bbox 237 4012 395 4087; x_wconf 89' lang='lat' dir='ltr'>dilutum</span> <span class='ocrx_word' id='word_1_154' title='bbox 440 4017 500 4089; x_wconf 87' lang='lat' dir='ltr'>rel</span> <span class='ocrx_word' id='word_1_155' title='bbox 547 4021 634 4109; x_wconf 91' lang='lat' dir='ltr'>post</span> <span class='ocrx_word' id='word_1_156' title='bbox 679 4017 828 4109; x_wconf 81' lang='lat' dir='ltr'>longius</span> <span class='ocrx_word' id='word_1_157' title='bbox 874 4014 1053 4108; x_wconf 89' lang='lat' dir='ltr'>temporis</span> <span class='ocrx_word' id='word_1_158' title='bbox 1099 4014 1337 4088; x_wconf 85' lang='lat' dir='ltr'>intervallum</span> <span class='ocrx_word' id='word_1_159' title='bbox 1382 4035 1431 4089; x_wconf 92' lang='lat' dir='ltr'>ne</span> 
     </span>
     <span class='ocr_line' id='line_1_27' title="bbox 235 4141 414 4215; baseline 0.011 -2"><span class='ocrx_word' id='word_1_160' title='bbox 235 4141 414 4215; x_wconf 86' lang='lat' dir='ltr'>turbetur.</span> 
     </span>
    </p>

    <p class='ocr_par' dir='ltr' id='par_1_10' title="bbox 237 4267 1430 4618">
     <span class='ocr_line' id='line_1_28' title="bbox 346 4267 1429 4344; baseline -0.001 -2"><span class='ocrx_word' id='word_1_161' title='bbox 346 4267 575 4344; x_wconf 86' lang='lat' dir='ltr'>Centimetra</span> <span class='ocrx_word' id='word_1_162' title='bbox 621 4270 752 4344; x_wconf 90' lang='lat' dir='ltr'>cubica</span> <span class='ocrx_word' id='word_1_163' title='bbox 791 4271 813 4344; x_wconf 71' lang='lat' dir='ltr'>b</span> <span class='ocrx_word' id='word_1_164' title='bbox 853 4269 961 4343; x_wconf 88' lang='lat' dir='ltr'>Acidi</span> <span class='ocrx_word' id='word_1_165' title='bbox 997 4268 1165 4342; x_wconf 86' lang='lat' dir='ltr'>sulfurici</span> <span class='ocrx_word' id='word_1_166' title='bbox 1202 4269 1429 4343; x_wconf 83' lang='lat' dir='ltr'>concontrati</span> 
     </span>
     <span class='ocr_line' id='line_1_29' title="bbox 237 4395 1430 4487; baseline -0.001 -19"><span class='ocrx_word' id='word_1_167' title='bbox 237 4395 476 4487; x_wconf 83' lang='lat' dir='ltr'>superinfusa</span> <span class='ocrx_word' id='word_1_168' title='bbox 504 4398 725 4471; x_wconf 84' lang='lat' dir='ltr'>centimetro</span> <span class='ocrx_word' id='word_1_169' title='bbox 755 4398 884 4471; x_wconf 88' lang='lat' dir='ltr'>cubico</span> <span class='ocrx_word' id='word_1_170' title='bbox 919 4396 1117 4470; x_wconf 88' lang='lat' dir='ltr'>solutionis</span> <span class='ocrx_word' id='word_1_171' title='bbox 1145 4395 1233 4469; x_wconf 85' lang='lat' dir='ltr'>ferri</span> <span class='ocrx_word' id='word_1_172' title='bbox 1265 4395 1430 4469; x_wconf 80' lang='lat' dir='ltr'>sulfurici</span> 
     </span>
     <span class='ocr_line' id='line_1_30' title="bbox 239 4522 1430 4618; baseline -0.001 -24"><span class='ocrx_word' id='word_1_173' title='bbox 239 4542 283 4595; x_wconf 92' lang='lat' dir='ltr'>eo</span> <span class='ocrx_word' id='word_1_174' title='bbox 317 4528 447 4613; x_wconf 88' lang='lat' dir='ltr'>strato,</span> <span class='ocrx_word' id='word_1_175' title='bbox 469 4545 544 4618; x_wconf 85' lang='lat' dir='ltr'>quo</span> <span class='ocrx_word' id='word_1_176' title='bbox 570 4525 735 4618; x_wconf 88' lang='lat' dir='ltr'>liquores</span> <span class='ocrx_word' id='word_1_177' title='bbox 763 4547 804 4600; x_wconf 93' lang='lat' dir='ltr'>se</span> <span class='ocrx_word' id='word_1_178' title='bbox 831 4527 1003 4617; x_wconf 82' lang='lat' dir='ltr'>tangunt,</span> <span class='ocrx_word' id='word_1_179' title='bbox 1038 4543 1173 4597; x_wconf 86' lang='lat' dir='ltr'>zonam</span> <span class='ocrx_word' id='word_1_180' title='bbox 1204 4522 1349 4596; x_wconf 77' lang='lat' dir='ltr'>friscam</span> <span class='ocrx_word' id='word_1_181' title='bbox 1380 4541 1430 4594; x_wconf 85' lang='lat' dir='ltr'>ne</span> 
     </span>
    </p>
   </div>
   <div class='ocr_carea' id='block_1_5' title="bbox 237 4652 444 4727">
    <p class='ocr_par' dir='ltr' id='par_1_11' title="bbox 237 4652 444 4727">
     <span class='ocr_line' id='line_1_31' title="bbox 237 4652 444 4727; baseline -0.005 -1"><span class='ocrx_word' id='word_1_182' title='bbox 237 4652 444 4727; x_wconf 81' lang='lat' dir='ltr'>exhibeant</span> 
     </span>
    </p>
   </div>
   <div class='ocr_carea' id='block_1_6' title="bbox 344 4788 1213 4846">
    <p class='ocr_par' dir='ltr' id='par_1_12' title="bbox 344 4788 1213 4846">
     <span class='ocr_line' id='line_1_32' title="bbox 344 4788 1213 4846; baseline -0.001 -13"><span class='ocrx_word' id='word_1_183' title='bbox 344 4789 537 4846; x_wconf 69' lang='lat' dir='ltr'>pharmacopoou.</span> <span class='ocrx_word' id='word_1_184' title='bbox 1196 4788 1213 4841; x_wconf 73' lang='lat'><strong>2</strong></span> 
     </span>
    </p>
   </div>
   <div class='ocr_carea' id='block_1_7' title="bbox 0 0 1870 5400">
    <p class='ocr_par' dir='ltr' id='par_1_13' title="bbox 0 0 1870 5400">
     <span class='ocr_line' id='line_1_33' title="bbox 0 0 1870 5400; baseline 0 0"><span class='ocrx_word' id='word_1_185' title='bbox 0 0 1870 5400; x_wconf 95' lang='lat' dir='ltr'> </span> 
     </span>
    </p>
   </div>
  </div>
 </body>
</html>
