3725 5400
738 461 948 533 -93-

610 801 805 935 Cortex
840 799 1077 936 dienati.

352 1058 491 1132 Punico
513 1055 713 1131 Gronatum
733 1058 788 1148 L.‚
818 1059 931 1133 arbor
962 1059 1001 1133 in
1035 1059 1187 1137 Oriente
1217 1068 1443 1155 spontanea,

244 1187 284 1261 in
302 1187 453 1280 Europa
471 1185 705 1261 meridionali
723 1187 832 1261 culta.

353 1314 488 1389 Cortex
506 1314 628 1388 bonci
647 1318 684 1388 et
700 1335 894 1388 ramorum
907 1314 1069 1389 siceams
1093 1315 1191 1389 sistit
1213 1315 1335 1392 frusta
1353 1340 1442 1393 con·

243 1443 373 1517 voluta
410 1446 448 1516 et
484 1442 731 1515 canaliculato
762 1462 884 1534 usque
922 1442 972 1515 ad
1012 1442 1035 1515 l
1075 1442 1277 1517 decimetra
1312 1446 1440 1540 longa,

249 1570 350 1641 1-2
366 1569 578 1643 millimetra
592 1590 735 1658 crassa,
754 1569 860 1657 teria,
881 1569 1036 1661 fragilia
1056 1569 1094 1643 in
1113 1570 1279 1645 fractura
1294 1574 1441 1666 aequali

243 1697 424 1785 subflava,
442 1696 482 1770 in
501 1697 615 1769 latere
634 1696 815 1770 exteriore
840 1696 1047 1789 subgrisea,
1075 1718 1143 1790 per
1169 1697 1441 1790 longitudinem

244 1824 347 1917 rugis
367 1823 554 1897 suberinis
574 1822 727 1899 elevatis
745 1823 977 1897 flavo-fuscis
990 1824 1146 1898 traiecta
1164 1834 1202 1898 et
1218 1825 1440 1920 plerumque

245 1950 450 2046 apotheeiis
491 1950 618 2045 parvis
660 1950 778 2042 nigris
824 1950 1063 2043 residuisque
1109 1951 1213 2025 thalli
1250 1951 1441 2027 lichenum

243 2078 437 2172 instructa,
456 2077 496 2151 in
509 2078 626 2151 latere
644 2077 819 2151 interiore
832 2077 966 2166 laevia,
986 2078 1085 2150 flava
1103 2082 1170 2152 aut
1187 2079 1440 2170 rubro-fusca,

242 2206 281 2279 in
292 2205 459 2279 sectione
469 2211 687 2278 transversa
696 2206 768 2279 sub
778 2205 877 2279 lente
886 2204 994 2279 lineis
1008 2205 1220 2279 tenerrimis
1234 2206 1439 2282 tessellata.

352 2332 490 2406 Cortex
508 2331 645 2406 radicis
665 2332 777 2405 etiam
796 2331 1049 2422 adhibendae,
1079 2332 1232 2426 saepius
1252 2333 1441 2408 admixtus

244 2459 370 2534 cortici
381 2459 504 2533 trunci
517 2480 785 2551 ramorumque
803 2459 843 2531 in
860 2465 1074 2533 mercatura
1091 2480 1295 2534 occurrens
1311 2460 1441 2553 digno·

244 2586 408 2661 scendus
437 2591 496 2661 est
521 2585 650 2659 frustis
668 2586 890 2679 plerumque
913 2586 1122 2660 minoribus
1138 2587 1346 2680 subplanis‚
1362 2609 1440 2662 non

240 2737 327 2789 raro
341 2715 546 2790 recurvatis
561 2720 599 2789 et
612 2736 726 2808 saepe
740 2716 870 2789 assula
882 2715 972 2808 ligni
986 2716 1215 2790 adhaerente
1233 2713 1439 2806 instructis

241 2843 281 2916 in
293 2843 409 2916 latere
424 2843 603 2916 exteriore
617 2842 746 2930 limeis
763 2842 919 2935 asperia,
937 2843 1049 2935 plane
1068 2842 1233 2936 vestigiis
1248 2843 1439 2917 lichenum

242 2968 469 3057 carentibus,
493 2969 652 3062 singulis
671 2969 914 3043 validioribus
933 2968 1111 3063 praeditis
1131 2968 1440 3062 depressionibus

242 3095 555 3171 subconchoideis
583 3118 652 3189 per
675 3096 953 3171 exsoliationem
981 3096 1128 3171 suberis
1157 3095 1258 3170 ortis.
1284 3095 1440 3187 Saporis
1522 3163 1547 3202 ἱ,

242 3230 300 3298 est
315 3224 454 3299 Cortex
471 3224 738 3316 adstringentis
758 3220 961 3297 subamari.

350 3351 430 3444 Ope
468 3351 704 3444 microscopii
756 3351 976 3424 observabis
1022 3350 1061 3424 in
1104 3350 1269 3423 sectione
1316 3355 1438 3424 trans-

240 3500 353 3552 versa
389 3476 679 3572 endophloeum,
699 3478 902 3551 maximam
921 3476 1099 3551 sectionis
1118 3453 1263 3571 partem
1282 3477 1436 3567 sistens,

241 3607 350 3680 valde
391 3606 612 3698 regulariter
653 3609 914 3678 constructum
953 3625 973 3677 e
1014 3604 1129 3677 radiis
1167 3603 1438 3677 medullaribus

240 3733 323 3807 uni·
343 3736 408 3806 aut
434 3730 672 3805 biserialibus
697 3736 735 3805 et
756 3731 871 3805 radiis
895 3731 979 3804 libri
1003 3731 1336 3825 eparenchymate
1351 3752 1437 3805 cum

242 3861 345 3934 rasis
392 3859 569 3933 cribrosis
620 3863 658 3931 et
698 3858 840 3932 cellulis
875 3858 1072 3951 crystallos
1120 3858 1287 3931 stellatas
1334 3858 1438 3931 calcii

242 3986 376 4061 oxalici
394 3985 674 4060 includentibus
688 3985 725 4058 in
750 3987 875 4059 stratis
900 3984 1127 4060 transversis
1152 3983 1436 4058 alternantibus.

242 4116 344 4189 Loco
376 4113 555 4186 fibrarum
588 4112 669 4186 libri
701 4117 897 4205 praestant
929 4111 1056 4185 solum
1087 4110 1127 4184 in
1148 4115 1314 4184 extrema
1331 4115 1437 4205 parte

243 4241 469 4335 eodophioei
502 4245 539 4313 et
570 4240 610 4313 in
630 4239 822 4313 adiacente
842 4239 1089 4331 mesophloeo
1119 4238 1305 4311 elementa
1323 4259 1438 4331 saepe

242 4389 459 4463 permagna,
501 4367 662 4441 breviter
703 4366 913 4440 lusiformia
946 4371 1012 4439 aut
1052 4365 1302 4457 irregulariter
1333 4365 1437 4457 poly-

242 4496 411 4589 morpho,
455 4495 639 4586 complete
682 4499 748 4568 aut
789 4494 865 4567 lere
910 4494 1093 4586 completo
1134 4493 1354 4579 incrassata,
1397 4492 1437 4564 in

241 4625 406 4699 sectione
425 4620 666 4696 transversali
685 4621 905 4714 plerumque
923 4621 1046 4693 forma
1065 4620 1173 4709 ovali,
1205 4619 1329 4693 stratis
1349 4638 1436 4692 eon·
