<?xml version="1.0" encoding="UTF-8"?>
<!DOCTYPE html PUBLIC "-//W3C//DTD XHTML 1.0 Transitional//EN"
    "http://www.w3.org/TR/xhtml1/DTD/xhtml1-transitional.dtd">
<html xmlns="http://www.w3.org/1999/xhtml" xml:lang="en" lang="en">
 <head>
  <title>
</title>
<meta http-equiv="Content-Type" content="text/html;charset=utf-8" />
  <meta name='ocr-system' content='tesseract 3.04.00' />
  <meta name='ocr-capabilities' content='ocr_page ocr_carea ocr_par ocr_line ocrx_word'/>
</head>
<body>
  <div class='ocr_page' id='page_1' title='image "./pharmacopoeaaus00innegoog_0120.png"; bbox 0 0 3725 5400; ppageno 0'>
   <div class='ocr_carea' id='block_1_1' title="bbox 915 465 1122 538">
    <p class='ocr_par' dir='ltr' id='par_1_1' title="bbox 915 465 1122 538">
     <span class='ocr_line' id='line_1_1' title="bbox 915 465 1122 538; baseline 0.01 -23"><span class='ocrx_word' id='word_1_1' title='bbox 915 465 1122 538; x_wconf 66' lang='lat'>„88-</span> 
     </span>
    </p>
   </div>
   <div class='ocr_carea' id='block_1_2' title="bbox 803 678 1244 814">
    <p class='ocr_par' dir='ltr' id='par_1_2' title="bbox 803 678 1244 814">
     <span class='ocr_line' id='line_1_2' title="bbox 803 678 1244 814; baseline 0.007 -3"><span class='ocrx_word' id='word_1_2' title='bbox 803 678 1000 813; x_wconf 84' lang='lat' dir='ltr'>dortcx</span> <span class='ocrx_word' id='word_1_3' title='bbox 1032 678 1244 814; x_wconf 78' lang='lat' dir='ltr'>Olinae.</span> 
     </span>
    </p>
   </div>
   <div class='ocr_carea' id='block_1_3' title="bbox 344 934 1691 2666">
    <p class='ocr_par' dir='ltr' id='par_1_3' title="bbox 419 934 1617 1137">
     <span class='ocr_line' id='line_1_3' title="bbox 532 934 1617 1032; baseline 0.002 -22"><span class='ocrx_word' id='word_1_4' title='bbox 532 934 726 1010; x_wconf 76' lang='lat' dir='ltr'>Oincdonce</span> <span class='ocrx_word' id='word_1_5' title='bbox 753 937 900 1031; x_wconf 90' lang='lat' dir='ltr'>species</span> <span class='ocrx_word' id='word_1_6' title='bbox 930 937 1064 1028; x_wconf 88' lang='lat' dir='ltr'>cultae,</span> <span class='ocrx_word' id='word_1_7' title='bbox 1094 937 1277 1032; x_wconf 84' lang='lat' dir='ltr'>imprimis</span> <span class='ocrx_word' id='word_1_8' title='bbox 1310 936 1490 1012; x_wconf 74' lang='lat' dir='ltr'>Cinciam</span> <span class='ocrx_word' id='word_1_9' title='bbox 1506 941 1617 1013; x_wconf 80' lang='lat' dir='ltr'>succi-</span> 
     </span>
     <span class='ocr_line' id='line_1_4' title="bbox 419 1062 710 1137; baseline 0.003 -2"><span class='ocrx_word' id='word_1_10' title='bbox 419 1062 530 1137; x_wconf 77' lang='lat' dir='ltr'>rudrc</span> <span class='ocrx_word' id='word_1_11' title='bbox 549 1064 710 1137; x_wconf 83' lang='lat' dir='ltr'>Paron.</span> 
     </span>
    </p>

    <p class='ocr_par' dir='ltr' id='par_1_4' title="bbox 419 1191 1620 2173">
     <span class='ocr_line' id='line_1_5' title="bbox 528 1191 1616 1287; baseline 0.001 -22"><span class='ocrx_word' id='word_1_12' title='bbox 528 1191 664 1265; x_wconf 83' lang='lat' dir='ltr'>Frusta</span> <span class='ocrx_word' id='word_1_13' title='bbox 696 1192 897 1265; x_wconf 85' lang='lat' dir='ltr'>convoluta</span> <span class='ocrx_word' id='word_1_14' title='bbox 931 1193 1037 1265; x_wconf 79' lang='grc'>3-4</span> <span class='ocrx_word' id='word_1_15' title='bbox 1057 1192 1258 1267; x_wconf 87' lang='lat' dir='ltr'>decimetra</span> <span class='ocrx_word' id='word_1_16' title='bbox 1291 1197 1329 1268; x_wconf 93' lang='lat' dir='ltr'>et</span> <span class='ocrx_word' id='word_1_17' title='bbox 1358 1194 1458 1267; x_wconf 88' lang='lat' dir='ltr'>ultra</span> <span class='ocrx_word' id='word_1_18' title='bbox 1488 1193 1616 1287; x_wconf 79' lang='lat' dir='ltr'>longa,</span> 
     </span>
     <span class='ocr_line' id='line_1_6' title="bbox 421 1319 1619 1414; baseline 0.003 -22"><span class='ocrx_word' id='word_1_19' title='bbox 421 1319 747 1393; x_wconf 65' lang='lat' dir='ltr'>2-4millimetra</span> <span class='ocrx_word' id='word_1_20' title='bbox 760 1340 904 1408; x_wconf 89' lang='lat' dir='ltr'>crassa,</span> <span class='ocrx_word' id='word_1_21' title='bbox 925 1319 1031 1409; x_wconf 88' lang='lat' dir='ltr'>dura,</span> <span class='ocrx_word' id='word_1_22' title='bbox 1051 1320 1197 1411; x_wconf 83' lang='lat' dir='ltr'>fragilia</span> <span class='ocrx_word' id='word_1_23' title='bbox 1214 1320 1538 1414; x_wconf 83' lang='lat' dir='ltr'>fracturaaequali</span> <span class='ocrx_word' id='word_1_24' title='bbox 1553 1327 1619 1395; x_wconf 90' lang='lat' dir='ltr'>aut</span> 
     </span>
     <span class='ocr_line' id='line_1_7' title="bbox 420 1445 1619 1541; baseline 0.003 -23"><span class='ocrx_word' id='word_1_25' title='bbox 420 1446 582 1519; x_wconf 86' lang='lat' dir='ltr'>breviter</span> <span class='ocrx_word' id='word_1_26' title='bbox 600 1446 827 1537; x_wconf 87' lang='lat' dir='ltr'>subfibrosa,</span> <span class='ocrx_word' id='word_1_27' title='bbox 845 1445 885 1519; x_wconf 93' lang='lat' dir='ltr'>in</span> <span class='ocrx_word' id='word_1_28' title='bbox 903 1446 1018 1520; x_wconf 88' lang='lat' dir='ltr'>latere</span> <span class='ocrx_word' id='word_1_29' title='bbox 1038 1449 1221 1521; x_wconf 79' lang='lat' dir='ltr'>exteriore</span> <span class='ocrx_word' id='word_1_30' title='bbox 1248 1447 1496 1541; x_wconf 85' lang='lat' dir='ltr'>peridermate</span> <span class='ocrx_word' id='word_1_31' title='bbox 1514 1448 1619 1522; x_wconf 73' lang='lat' dir='ltr'>tenid</span> 
     </span>
     <span class='ocr_line' id='line_1_8' title="bbox 421 1573 1620 1666; baseline 0.003 -21"><span class='ocrx_word' id='word_1_32' title='bbox 421 1573 652 1666; x_wconf 78' lang='lat' dir='ltr'>albo-griseo</span> <span class='ocrx_word' id='word_1_33' title='bbox 683 1577 749 1647; x_wconf 91' lang='lat' dir='ltr'>aut</span> <span class='ocrx_word' id='word_1_34' title='bbox 775 1573 1110 1666; x_wconf 77' lang='lat' dir='ltr'>griseo-subfusco,</span> <span class='ocrx_word' id='word_1_35' title='bbox 1141 1596 1274 1666; x_wconf 79' lang='lat' dir='ltr'>grosse</span> <span class='ocrx_word' id='word_1_36' title='bbox 1302 1573 1620 1666; x_wconf 76' lang='lat' dir='ltr'>longitudinaliter</span> 
     </span>
     <span class='ocr_line' id='line_1_9' title="bbox 419 1701 1618 1797; baseline 0.001 -23"><span class='ocrx_word' id='word_1_37' title='bbox 419 1720 559 1791; x_wconf 83' lang='lat' dir='ltr'>rugoso</span> <span class='ocrx_word' id='word_1_38' title='bbox 580 1704 617 1773; x_wconf 89' lang='lat' dir='ltr'>et</span> <span class='ocrx_word' id='word_1_39' title='bbox 635 1722 750 1793; x_wconf 84' lang='lat' dir='ltr'>saepe</span> <span class='ocrx_word' id='word_1_40' title='bbox 769 1706 985 1775; x_wconf 88' lang='lat' dir='ltr'>transverse</span> <span class='ocrx_word' id='word_1_41' title='bbox 1014 1701 1155 1775; x_wconf 90' lang='lat' dir='ltr'>rimoso</span> <span class='ocrx_word' id='word_1_42' title='bbox 1176 1701 1335 1790; x_wconf 85' lang='lat' dir='ltr'>obtecta,</span> <span class='ocrx_word' id='word_1_43' title='bbox 1365 1701 1437 1775; x_wconf 89' lang='lat' dir='ltr'>sub</span> <span class='ocrx_word' id='word_1_44' title='bbox 1456 1702 1618 1797; x_wconf 80' lang='lat' dir='ltr'>peridex-</span> 
     </span>
     <span class='ocr_line' id='line_1_10' title="bbox 420 1827 1618 1916; baseline 0.004 -17"><span class='ocrx_word' id='word_1_45' title='bbox 420 1830 521 1899; x_wconf 89' lang='lat' dir='ltr'>mate</span> <span class='ocrx_word' id='word_1_46' title='bbox 545 1827 664 1916; x_wconf 83' lang='lat' dir='ltr'>lusca,</span> <span class='ocrx_word' id='word_1_47' title='bbox 698 1829 737 1900; x_wconf 92' lang='lat' dir='ltr'>in</span> <span class='ocrx_word' id='word_1_48' title='bbox 756 1827 871 1902; x_wconf 86' lang='lat' dir='ltr'>latere</span> <span class='ocrx_word' id='word_1_49' title='bbox 903 1828 1078 1901; x_wconf 89' lang='lat' dir='ltr'>interiore</span> <span class='ocrx_word' id='word_1_50' title='bbox 1106 1828 1369 1902; x_wconf 83' lang='lat' dir='ltr'>cinnamomea</span> <span class='ocrx_word' id='word_1_51' title='bbox 1397 1834 1463 1904; x_wconf 89' lang='lat' dir='ltr'>aut</span> <span class='ocrx_word' id='word_1_52' title='bbox 1494 1831 1618 1904; x_wconf 86' lang='lat' dir='ltr'>fusco·</span> 
     </span>
     <span class='ocr_line' id='line_1_11' title="bbox 421 1953 1620 2050; baseline 0.003 -23"><span class='ocrx_word' id='word_1_53' title='bbox 421 1955 538 2027; x_wconf 89' lang='lat' dir='ltr'>rubra</span> <span class='ocrx_word' id='word_1_54' title='bbox 566 1955 751 2028; x_wconf 80' lang='lat' dir='ltr'>subtiliter</span> <span class='ocrx_word' id='word_1_55' title='bbox 778 1976 846 2048; x_wconf 88' lang='lat' dir='ltr'>per</span> <span class='ocrx_word' id='word_1_56' title='bbox 873 1953 1146 2047; x_wconf 79' lang='lat' dir='ltr'>longitudinem</span> <span class='ocrx_word' id='word_1_57' title='bbox 1170 1956 1312 2047; x_wconf 86' lang='lat' dir='ltr'>striata,</span> <span class='ocrx_word' id='word_1_58' title='bbox 1334 1957 1481 2050; x_wconf 89' lang='lat' dir='ltr'>saporis</span> <span class='ocrx_word' id='word_1_59' title='bbox 1495 1958 1620 2031; x_wconf 85' lang='lat' dir='ltr'>amari</span> 
     </span>
     <span class='ocr_line' id='line_1_12' title="bbox 425 2081 759 2173; baseline -0.009 -17"><span class='ocrx_word' id='word_1_60' title='bbox 425 2087 464 2156; x_wconf 92' lang='lat' dir='ltr'>et</span> <span class='ocrx_word' id='word_1_61' title='bbox 481 2081 759 2173; x_wconf 81' lang='lat' dir='ltr'>adstringentis.</span> 
     </span>
    </p>

    <p class='ocr_par' dir='ltr' id='par_1_5' title="bbox 344 2207 1691 2666">
     <span class='ocr_line' id='line_1_13' title="bbox 530 2207 1621 2302; baseline 0.003 -22"><span class='ocrx_word' id='word_1_62' title='bbox 530 2207 611 2300; x_wconf 93' lang='lat' dir='ltr'>Ope</span> <span class='ocrx_word' id='word_1_63' title='bbox 644 2209 880 2302; x_wconf 86' lang='lat' dir='ltr'>microscopii</span> <span class='ocrx_word' id='word_1_64' title='bbox 909 2209 1046 2283; x_wconf 84' lang='lat' dir='ltr'>Cortex</span> <span class='ocrx_word' id='word_1_65' title='bbox 1080 2208 1220 2283; x_wconf 86' lang='lat' dir='ltr'>Chinae</span> <span class='ocrx_word' id='word_1_66' title='bbox 1249 2210 1530 2302; x_wconf 82' lang='lat' dir='ltr'>dignoscendus</span> <span class='ocrx_word' id='word_1_67' title='bbox 1563 2216 1621 2285; x_wconf 91' lang='lat' dir='ltr'>est</span> 
     </span>
     <span class='ocr_line' id='line_1_14' title="bbox 422 2333 1621 2431; baseline 0.005 -26"><span class='ocrx_word' id='word_1_68' title='bbox 422 2333 527 2408; x_wconf 90' lang='lat' dir='ltr'>fibris</span> <span class='ocrx_word' id='word_1_69' title='bbox 546 2334 629 2406; x_wconf 85' lang='lat' dir='ltr'>libri</span> <span class='ocrx_word' id='word_1_70' title='bbox 644 2335 866 2428; x_wconf 88' lang='lat' dir='ltr'>plerumque</span> <span class='ocrx_word' id='word_1_71' title='bbox 885 2336 1145 2410; x_wconf 81' lang='lat' dir='ltr'>iustiormibus</span> <span class='ocrx_word' id='word_1_72' title='bbox 1171 2343 1231 2411; x_wconf 90' lang='lat' dir='ltr'>sat</span> <span class='ocrx_word' id='word_1_73' title='bbox 1254 2337 1434 2411; x_wconf 84' lang='lat' dir='ltr'>brevibus</span> <span class='ocrx_word' id='word_1_74' title='bbox 1458 2339 1621 2431; x_wconf 81' lang='lat' dir='ltr'>perfecte</span> 
     </span>
     <span class='ocr_line' id='line_1_15' title="bbox 344 2444 1619 2559; baseline 0.003 -24"><span class='ocrx_word' id='word_1_75' title='bbox 344 2515 357 2535; x_wconf 83' lang='lat'><strong>.</strong></span> <span class='ocrx_word' id='word_1_76' title='bbox 421 2460 650 2551; x_wconf 65' lang='lat' dir='ltr'>incrassatis</span> <span class='ocrx_word' id='word_1_77' title='bbox 666 2483 763 2554; x_wconf 92' lang='lat' dir='ltr'>quae</span> <span class='ocrx_word' id='word_1_78' title='bbox 778 2463 1025 2537; x_wconf 88' lang='lat' dir='ltr'>subradiatim</span> <span class='ocrx_word' id='word_1_79' title='bbox 1043 2485 1111 2558; x_wconf 90' lang='lat' dir='ltr'>per</span> <span class='ocrx_word' id='word_1_80' title='bbox 1125 2464 1407 2557; x_wconf 89' lang='lat' dir='ltr'>endophloeum</span> <span class='ocrx_word' id='word_1_81' title='bbox 1426 2444 1619 2559; x_wconf 88' lang='lat' dir='ltr'>dispersae</span> 
     </span>
     <span class='ocr_line' id='line_1_16' title="bbox 423 2589 1691 2666; baseline 0.005 -6"><span class='ocrx_word' id='word_1_82' title='bbox 423 2592 461 2660; x_wconf 93' lang='lat' dir='ltr'>et</span> <span class='ocrx_word' id='word_1_83' title='bbox 487 2590 709 2662; x_wconf 88' lang='lat' dir='ltr'>membrana</span> <span class='ocrx_word' id='word_1_84' title='bbox 735 2589 774 2663; x_wconf 91' lang='lat' dir='ltr'>in</span> <span class='ocrx_word' id='word_1_85' title='bbox 798 2590 965 2664; x_wconf 89' lang='lat' dir='ltr'>sectione</span> <span class='ocrx_word' id='word_1_86' title='bbox 988 2598 1206 2665; x_wconf 86' lang='lat' dir='ltr'>transversa</span> <span class='ocrx_word' id='word_1_87' title='bbox 1229 2592 1355 2666; x_wconf 89' lang='lat' dir='ltr'>stratis</span> <span class='ocrx_word' id='word_1_88' title='bbox 1376 2591 1620 2666; x_wconf 85' lang='lat' dir='ltr'>concentricis</span> <span class='ocrx_word' id='word_1_89' title='bbox 1688 2648 1691 2653; x_wconf 84' lang='grc'>-</span> 
     </span>
    </p>
   </div>
   <div class='ocr_carea' id='block_1_4' title="bbox 422 2716 1622 3068">
    <p class='ocr_par' dir='ltr' id='par_1_6' title="bbox 422 2716 1622 3068">
     <span class='ocr_line' id='line_1_17' title="bbox 423 2716 1621 2813; baseline 0.004 -24"><span class='ocrx_word' id='word_1_90' title='bbox 423 2716 574 2812; x_wconf 80' lang='lat' dir='ltr'>signata</span> <span class='ocrx_word' id='word_1_91' title='bbox 587 2717 789 2792; x_wconf 86' lang='lat' dir='ltr'>instructae</span> <span class='ocrx_word' id='word_1_92' title='bbox 810 2723 914 2809; x_wconf 90' lang='lat' dir='ltr'>sunt;</span> <span class='ocrx_word' id='word_1_93' title='bbox 934 2720 1036 2796; x_wconf 88' lang='lat' dir='ltr'>tubis</span> <span class='ocrx_word' id='word_1_94' title='bbox 1051 2720 1263 2812; x_wconf 86' lang='lat' dir='ltr'>cylindricis</span> <span class='ocrx_word' id='word_1_95' title='bbox 1282 2720 1469 2794; x_wconf 86' lang='lat' dir='ltr'>laticiieris</span> <span class='ocrx_word' id='word_1_96' title='bbox 1485 2720 1621 2813; x_wconf 86' lang='lat' dir='ltr'>amplis</span> 
     </span>
     <span class='ocr_line' id='line_1_18' title="bbox 422 2847 1622 2942; baseline 0 -22"><span class='ocrx_word' id='word_1_97' title='bbox 422 2847 463 2920; x_wconf 92' lang='lat' dir='ltr'>in</span> <span class='ocrx_word' id='word_1_98' title='bbox 494 2852 599 2941; x_wconf 88' lang='lat' dir='ltr'>parte</span> <span class='ocrx_word' id='word_1_99' title='bbox 637 2848 767 2923; x_wconf 87' lang='lat' dir='ltr'>intima</span> <span class='ocrx_word' id='word_1_100' title='bbox 803 2848 1055 2942; x_wconf 89' lang='lat' dir='ltr'>mesophloei;</span> <span class='ocrx_word' id='word_1_101' title='bbox 1093 2848 1386 2941; x_wconf 78' lang='lat' dir='ltr'>parenchymate</span> <span class='ocrx_word' id='word_1_102' title='bbox 1420 2869 1441 2922; x_wconf 90' lang='lat' dir='ltr'>e</span> <span class='ocrx_word' id='word_1_103' title='bbox 1478 2847 1622 2921; x_wconf 91' lang='lat' dir='ltr'>cellulis</span> 
     </span>
     <span class='ocr_line' id='line_1_19' title="bbox 424 2973 1621 3068; baseline 0 -20"><span class='ocrx_word' id='word_1_104' title='bbox 424 2975 616 3049; x_wconf 85' lang='lat' dir='ltr'>instructis</span> <span class='ocrx_word' id='word_1_105' title='bbox 644 2978 866 3050; x_wconf 88' lang='lat' dir='ltr'>membrana</span> <span class='ocrx_word' id='word_1_106' title='bbox 888 2974 1110 3068; x_wconf 87' lang='lat' dir='ltr'>plerumque</span> <span class='ocrx_word' id='word_1_107' title='bbox 1129 2973 1266 3048; x_wconf 81' lang='lat' dir='ltr'>ilarida</span> <span class='ocrx_word' id='word_1_108' title='bbox 1290 2980 1356 3049; x_wconf 86' lang='lat' dir='ltr'>aut</span> <span class='ocrx_word' id='word_1_109' title='bbox 1373 2974 1621 3062; x_wconf 85' lang='lat' dir='ltr'>rubro-fusca,</span> 
     </span>
    </p>
   </div>
   <div class='ocr_carea' id='block_1_5' title="bbox 423 3101 1687 4725">
    <p class='ocr_par' dir='ltr' id='par_1_7' title="bbox 423 3101 1687 3578">
     <span class='ocr_line' id='line_1_20' title="bbox 425 3101 1621 3196; baseline -0.001 -20"><span class='ocrx_word' id='word_1_110' title='bbox 425 3103 591 3195; x_wconf 86' lang='lat' dir='ltr'>amylum</span> <span class='ocrx_word' id='word_1_111' title='bbox 629 3103 667 3175; x_wconf 94' lang='lat' dir='ltr'>in</span> <span class='ocrx_word' id='word_1_112' title='bbox 695 3103 821 3195; x_wconf 80' lang='lat' dir='ltr'>grams</span> <span class='ocrx_word' id='word_1_113' title='bbox 859 3101 1076 3194; x_wconf 87' lang='lat' dir='ltr'>compositis</span> <span class='ocrx_word' id='word_1_114' title='bbox 1117 3106 1155 3174; x_wconf 92' lang='lat' dir='ltr'>et</span> <span class='ocrx_word' id='word_1_115' title='bbox 1190 3123 1358 3175; x_wconf 84' lang='lat' dir='ltr'>massam</span> <span class='ocrx_word' id='word_1_116' title='bbox 1387 3101 1621 3196; x_wconf 68' lang='lat' dir='ltr'>amorphann</span> 
     </span>
     <span class='ocr_line' id='line_1_21' title="bbox 424 3228 1687 3322; baseline -0.001 -19"><span class='ocrx_word' id='word_1_117' title='bbox 424 3230 552 3304; x_wconf 87' lang='lat' dir='ltr'>addita</span> <span class='ocrx_word' id='word_1_118' title='bbox 581 3230 766 3304; x_wconf 87' lang='lat' dir='ltr'>solutione</span> <span class='ocrx_word' id='word_1_119' title='bbox 796 3229 883 3302; x_wconf 89' lang='lat' dir='ltr'>ferri</span> <span class='ocrx_word' id='word_1_120' title='bbox 906 3228 1193 3322; x_wconf 88' lang='lat' dir='ltr'>sesquichlorati</span> <span class='ocrx_word' id='word_1_121' title='bbox 1221 3230 1386 3304; x_wconf 85' lang='lat' dir='ltr'>colorem</span> <span class='ocrx_word' id='word_1_122' title='bbox 1415 3230 1622 3305; x_wconf 87' lang='lat' dir='ltr'>olivaceum</span> <span class='ocrx_word' id='word_1_123' title='bbox 1684 3287 1687 3292; x_wconf 89' lang='lat'><em>.</em></span> 
     </span>
     <span class='ocr_line' id='line_1_22' title="bbox 425 3356 1622 3451; baseline 0 -22"><span class='ocrx_word' id='word_1_124' title='bbox 425 3357 624 3432; x_wconf 88' lang='lat' dir='ltr'>ducentem</span> <span class='ocrx_word' id='word_1_125' title='bbox 639 3356 928 3445; x_wconf 89' lang='lat' dir='ltr'>continentibus;</span> <span class='ocrx_word' id='word_1_126' title='bbox 944 3356 1111 3430; x_wconf 88' lang='lat' dir='ltr'>utriculis</span> <span class='ocrx_word' id='word_1_127' title='bbox 1126 3357 1289 3450; x_wconf 88' lang='lat' dir='ltr'>copiosis</span> <span class='ocrx_word' id='word_1_128' title='bbox 1302 3357 1454 3450; x_wconf 88' lang='lat' dir='ltr'>repletis</span> <span class='ocrx_word' id='word_1_129' title='bbox 1469 3357 1622 3451; x_wconf 87' lang='lat' dir='ltr'>pulvere</span> 
     </span>
     <span class='ocr_line' id='line_1_23' title="bbox 423 3483 925 3578; baseline 0 -21"><span class='ocrx_word' id='word_1_130' title='bbox 423 3484 638 3578; x_wconf 87' lang='lat' dir='ltr'>crystallino</span> <span class='ocrx_word' id='word_1_131' title='bbox 659 3483 761 3557; x_wconf 89' lang='lat' dir='ltr'>calcii</span> <span class='ocrx_word' id='word_1_132' title='bbox 781 3484 925 3557; x_wconf 88' lang='lat' dir='ltr'>oxalici.</span> 
     </span>
    </p>

    <p class='ocr_par' dir='ltr' id='par_1_8' title="bbox 425 3609 1623 3959">
     <span class='ocr_line' id='line_1_24' title="bbox 537 3609 1622 3705; baseline 0 -22"><span class='ocrx_word' id='word_1_133' title='bbox 537 3612 613 3684; x_wconf 94' lang='grc'>100</span> <span class='ocrx_word' id='word_1_134' title='bbox 632 3615 756 3705; x_wconf 89' lang='lat' dir='ltr'>partes</span> <span class='ocrx_word' id='word_1_135' title='bbox 785 3611 941 3685; x_wconf 87' lang='lat' dir='ltr'>Corticis</span> <span class='ocrx_word' id='word_1_136' title='bbox 967 3609 1108 3684; x_wconf 88' lang='lat' dir='ltr'>Chinae</span> <span class='ocrx_word' id='word_1_137' title='bbox 1137 3631 1186 3684; x_wconf 92' lang='lat' dir='ltr'>ne</span> <span class='ocrx_word' id='word_1_138' title='bbox 1205 3610 1331 3684; x_wconf 89' lang='lat' dir='ltr'>minus</span> <span class='ocrx_word' id='word_1_139' title='bbox 1361 3632 1476 3703; x_wconf 89' lang='lat' dir='ltr'>quam</span> <span class='ocrx_word' id='word_1_140' title='bbox 1494 3615 1622 3703; x_wconf 88' lang='lat' dir='ltr'>partes</span> 
     </span>
     <span class='ocr_line' id='line_1_25' title="bbox 428 3736 1623 3831; baseline 0.002 -22"><span class='ocrx_word' id='word_1_141' title='bbox 428 3737 476 3811; x_wconf 83' lang='grc'>15</span> <span class='ocrx_word' id='word_1_142' title='bbox 498 3738 649 3811; x_wconf 82' lang='lat' dir='ltr'>extracti</span> <span class='ocrx_word' id='word_1_143' title='bbox 670 3739 803 3830; x_wconf 86' lang='lat' dir='ltr'>aquosi</span> <span class='ocrx_word' id='word_1_144' title='bbox 823 3738 1036 3812; x_wconf 85' lang='lat' dir='ltr'>exhibeant</span> <span class='ocrx_word' id='word_1_145' title='bbox 1052 3736 1195 3812; x_wconf 82' lang='lat' dir='ltr'>Eadem</span> <span class='ocrx_word' id='word_1_146' title='bbox 1215 3738 1404 3831; x_wconf 87' lang='lat' dir='ltr'>quantitas</span> <span class='ocrx_word' id='word_1_147' title='bbox 1425 3739 1623 3811; x_wconf 87' lang='lat' dir='ltr'>combusta</span> 
     </span>
     <span class='ocr_line' id='line_1_26' title="bbox 425 3866 1273 3959; baseline 0 -21"><span class='ocrx_word' id='word_1_148' title='bbox 425 3887 474 3940; x_wconf 92' lang='lat' dir='ltr'>ne</span> <span class='ocrx_word' id='word_1_149' title='bbox 493 3867 579 3959; x_wconf 93' lang='lat' dir='ltr'>plus</span> <span class='ocrx_word' id='word_1_150' title='bbox 598 3887 712 3958; x_wconf 91' lang='lat' dir='ltr'>quam</span> <span class='ocrx_word' id='word_1_151' title='bbox 730 3871 857 3959; x_wconf 87' lang='lat' dir='ltr'>partes</span> <span class='ocrx_word' id='word_1_152' title='bbox 878 3869 901 3939; x_wconf 89' lang='grc'><strong>6</strong></span> <span class='ocrx_word' id='word_1_153' title='bbox 923 3866 1059 3939; x_wconf 87' lang='lat' dir='ltr'>cineris</span> <span class='ocrx_word' id='word_1_154' title='bbox 1078 3866 1273 3958; x_wconf 87' lang='lat' dir='ltr'>relinquat</span> 
     </span>
    </p>

    <p class='ocr_par' dir='ltr' id='par_1_9' title="bbox 424 3991 1621 4342">
     <span class='ocr_line' id='line_1_27' title="bbox 534 3991 1621 4085; baseline -0.004 -17"><span class='ocrx_word' id='word_1_155' title='bbox 534 3994 669 4068; x_wconf 76' lang='lat' dir='ltr'>Cortex</span> <span class='ocrx_word' id='word_1_156' title='bbox 703 3994 856 4084; x_wconf 75' lang='lat' dir='ltr'>Cllinae,</span> <span class='ocrx_word' id='word_1_157' title='bbox 890 3994 1039 4067; x_wconf 86' lang='lat' dir='ltr'>ratione</span> <span class='ocrx_word' id='word_1_158' title='bbox 1078 3993 1335 4085; x_wconf 89' lang='lat' dir='ltr'>subsequente</span> <span class='ocrx_word' id='word_1_159' title='bbox 1374 3991 1621 4080; x_wconf 88' lang='lat' dir='ltr'>examinatus,</span> 
     </span>
     <span class='ocr_line' id='line_1_28' title="bbox 424 4116 1618 4217; baseline -0.003 -23"><span class='ocrx_word' id='word_1_160' title='bbox 424 4121 462 4195; x_wconf 92' lang='lat' dir='ltr'>in</span> <span class='ocrx_word' id='word_1_161' title='bbox 481 4121 651 4213; x_wconf 85' lang='lat' dir='ltr'>partibus</span> <span class='ocrx_word' id='word_1_162' title='bbox 675 4123 750 4195; x_wconf 94' lang='grc'>100</span> <span class='ocrx_word' id='word_1_163' title='bbox 768 4144 816 4196; x_wconf 89' lang='lat' dir='ltr'>ne</span> <span class='ocrx_word' id='word_1_164' title='bbox 831 4122 957 4195; x_wconf 90' lang='lat' dir='ltr'>minus</span> <span class='ocrx_word' id='word_1_165' title='bbox 977 4142 1092 4214; x_wconf 88' lang='lat' dir='ltr'>quarn</span> <span class='ocrx_word' id='word_1_166' title='bbox 1111 4125 1239 4214; x_wconf 88' lang='lat' dir='ltr'>partes</span> <span class='ocrx_word' id='word_1_167' title='bbox 1258 4118 1425 4213; x_wconf 90' lang='lat' dir='ltr'>quinque</span> <span class='ocrx_word' id='word_1_168' title='bbox 1446 4116 1500 4217; x_wconf 87' lang='lat'>(5)</span> <span class='ocrx_word' id='word_1_169' title='bbox 1521 4117 1618 4191; x_wconf 88' lang='lat' dir='ltr'>alca·</span> 
     </span>
     <span class='ocr_line' id='line_1_29' title="bbox 424 4249 1078 4342; baseline 0.003 -23"><span class='ocrx_word' id='word_1_170' title='bbox 424 4250 610 4323; x_wconf 88' lang='lat' dir='ltr'>loidorum</span> <span class='ocrx_word' id='word_1_171' title='bbox 629 4252 867 4342; x_wconf 89' lang='lat' dir='ltr'>propriorum</span> <span class='ocrx_word' id='word_1_172' title='bbox 885 4249 1078 4342; x_wconf 90' lang='lat' dir='ltr'>praebeat.</span> 
     </span>
    </p>

    <p class='ocr_par' dir='ltr' id='par_1_10' title="bbox 424 4373 1622 4725">
     <span class='ocr_line' id='line_1_30' title="bbox 533 4373 1621 4467; baseline -0.004 -18"><span class='ocrx_word' id='word_1_173' title='bbox 533 4375 792 4450; x_wconf 79' lang='lat' dir='ltr'>Grammatab</span> <span class='ocrx_word' id='word_1_174' title='bbox 819 4376 973 4449; x_wconf 85' lang='lat' dir='ltr'>Corticis</span> <span class='ocrx_word' id='word_1_175' title='bbox 998 4374 1139 4447; x_wconf 88' lang='lat' dir='ltr'>Chinae</span> <span class='ocrx_word' id='word_1_176' title='bbox 1164 4374 1203 4445; x_wconf 92' lang='lat' dir='ltr'>in</span> <span class='ocrx_word' id='word_1_177' title='bbox 1222 4373 1376 4467; x_wconf 83' lang='lat' dir='ltr'>pulvere</span> <span class='ocrx_word' id='word_1_178' title='bbox 1396 4384 1453 4455; x_wconf 82' lang='lat' dir='ltr'>(Vl)</span> <span class='ocrx_word' id='word_1_179' title='bbox 1481 4376 1621 4465; x_wconf 90' lang='lat' dir='ltr'>tempe·</span> 
     </span>
     <span class='ocr_line' id='line_1_31' title="bbox 425 4498 1620 4593; baseline -0.003 -19"><span class='ocrx_word' id='word_1_180' title='bbox 425 4507 552 4576; x_wconf 87' lang='lat' dir='ltr'>ratura</span> <span class='ocrx_word' id='word_1_181' title='bbox 574 4504 673 4575; x_wconf 85' lang='lat'>1000</span> <span class='ocrx_word' id='word_1_182' title='bbox 698 4504 835 4578; x_wconf 87' lang='lat' dir='ltr'>siccato</span> <span class='ocrx_word' id='word_1_183' title='bbox 855 4502 1009 4577; x_wconf 86' lang='lat' dir='ltr'>extrahe</span> <span class='ocrx_word' id='word_1_184' title='bbox 1042 4501 1081 4573; x_wconf 91' lang='lat' dir='ltr'>in</span> <span class='ocrx_word' id='word_1_185' title='bbox 1109 4500 1245 4593; x_wconf 83' lang='lat' dir='ltr'>lagena</span> <span class='ocrx_word' id='word_1_186' title='bbox 1264 4521 1351 4573; x_wconf 86' lang='lat' dir='ltr'>curn</span> <span class='ocrx_word' id='word_1_187' title='bbox 1370 4499 1548 4592; x_wconf 83' lang='lat' dir='ltr'>grammis</span> <span class='ocrx_word' id='word_1_188' title='bbox 1569 4498 1620 4570; x_wconf 86' lang='grc'>60</span> 
     </span>
     <span class='ocr_line' id='line_1_32' title="bbox 424 4625 1622 4725; baseline -0.006 -22"><span class='ocrx_word' id='word_1_189' title='bbox 424 4629 610 4705; x_wconf 90' lang='lat' dir='ltr'>miscellae</span> <span class='ocrx_word' id='word_1_190' title='bbox 639 4652 659 4703; x_wconf 93' lang='lat' dir='ltr'>e</span> <span class='ocrx_word' id='word_1_191' title='bbox 687 4630 857 4725; x_wconf 87' lang='lat' dir='ltr'>partibus</span> <span class='ocrx_word' id='word_1_192' title='bbox 884 4633 905 4703; x_wconf 88' lang='lat'><strong>3</strong></span> <span class='ocrx_word' id='word_1_193' title='bbox 928 4628 1091 4703; x_wconf 87' lang='lat' dir='ltr'>aetheris</span> <span class='ocrx_word' id='word_1_194' title='bbox 1122 4632 1159 4701; x_wconf 91' lang='lat' dir='ltr'>et</span> <span class='ocrx_word' id='word_1_195' title='bbox 1186 4632 1294 4721; x_wconf 86' lang='lat' dir='ltr'>parte</span> <span class='ocrx_word' id='word_1_196' title='bbox 1328 4628 1345 4700; x_wconf 88' lang='lat'>1</span> <span class='ocrx_word' id='word_1_197' title='bbox 1369 4625 1622 4700; x_wconf 86' lang='lat' dir='ltr'>chlorolormii</span> 
     </span>
    </p>
   </div>
   <div class='ocr_carea' id='block_1_6' title="bbox 0 0 1878 5400">
    <p class='ocr_par' dir='ltr' id='par_1_11' title="bbox 0 0 1878 5400">
     <span class='ocr_line' id='line_1_33' title="bbox 0 0 1878 5400; baseline 0 0"><span class='ocrx_word' id='word_1_198' title='bbox 0 0 1878 5400; x_wconf 95' lang='lat' dir='ltr'> </span> 
     </span>
    </p>
   </div>
  </div>
 </body>
</html>
