3725 5400
720 457 963 529 -301-

244 674 436 766 fragilibus
463 674 626 747 fractura
655 694 800 768 aspera
831 674 900 748 sed
919 673 1139 747 humiditate
1156 674 1316 743 attracta
1332 676 1437 744 dena-

247 801 352 874 cibus
382 807 419 873 et
445 800 681 890 flexibilibus,
713 801 841 874 ederis
861 800 1095 890 dulciuscufi,
1117 798 1259 872 caricas
1279 797 1439 873 siccatas

244 928 450 1017 referentis,
472 928 618 1021 saporis
638 928 823 1021 peramari
842 927 1014 1001 faucibus
1031 927 1100 1001 diu
1120 924 1369 999 adhaerentis.

353 1054 475 1129 Sectio
508 1060 725 1129 marisversa
757 1055 921 1146 Radicis,
956 1054 1092 1129 coluris
1123 1053 1202 1127 fere
1230 1051 1440 1144 aequaliter

244 1182 466 1270 flisco-davi,
480 1184 621 1256 annulo
638 1182 808 1257 cambiaii
828 1181 1095 1275 eumin-fusco
1118 1181 1270 1269 mente,
1287 1178 1442 1252 exhibet

245 1309 388 1402 lignum
416 1311 577 1383 centrafe
604 1331 739 1404 pamm
765 1310 962 1384 manifeste
991 1308 1164 1382 radiatim
1183 1306 1372 1395 strictum,
1401 1305 1439 1378 in

247 1457 322 1529 quo
342 1458 414 1529 epe
433 1437 670 1531 microsccpii
680 1438 903 1512 ebservabis
913 1441 1060 1530 praeter
1068 1435 1258 1528 uasaplus
1267 1434 1439 1507 m'musve

247 1564 371 1656 ampla
389 1562 588 1637 fasciculos
608 1586 788 1637 vasorum
807 1564 1071 1637 cribrusorum.

354 1689 638 1764 PulvisRadicis
649 1691 894 1765 fuscaflavus
910 1689 1142 1783 compositus
1155 1685 1441 1781 estpraesertim

249 1840 268 1892 e
287 1818 506 1910 fragmentis
525 1819 827 1911 perenchymatis
847 1839 868 1891 e
888 1817 1029 1891 cellulis
1048 1816 1270 1890 membrana
1287 1813 1326 1886 in
1342 1833 1442 1904 aqua

248 1951 480 2019 tumescente
508 1946 700 2019 instructis
722 1951 759 2019 et
777 1945 926 2039 repletis
947 1943 1160 2018 substantia
1187 1942 1225 2015 in
1246 1962 1346 2033 aqua
1364 1940 1441 2013 fere

249 2074 430 2165 complete
441 2071 831 2166 solubiiipiemmque
839 2071 978 2147 relictis
990 2066 1441 2166 crysiaffisminutissimis

248 2198 352 2272 calcii
399 2199 531 2273 oxalici
578 2200 826 2273 acimiaribus
869 2204 906 2273 et
944 2222 964 2273 e
1000 2197 1221 2292 fragmentis
1263 2215 1442 2269 vasorum

248 2326 468 2419 praesertim
497 2329 709 2420 amplorum
731 2328 954 2402 membrana
976 2326 1114 2400 fluvida
1140 2322 1362 2399 reticulatim
1389 2320 1443 2393 in·

250 2457 430 2525 crassata.
470 2451 604 2546 Amylo
624 2455 746 2548 pulvis
768 2459 879 2528 caret.

362 2581 436 2652 100
447 2585 573 2673 partes
583 2580 736 2654 Radicis
747 2603 799 2653 ne
815 2580 942 2654 minus
954 2577 1215 2673 qaiam'partcs
1228 2579 1278 2651 33
1289 2574 1443 2650 extracti

249 2708 384 2800 aquosi
410 2707 620 2800 praebeant
646 2715 684 2783 et
711 2710 911 2783 combusta
939 2729 988 2783 ne
1015 2710 1102 2802 plus
1128 2727 1243 2800 quam
1270 2703 1442 2798 partcs5

249 2834 384 2908 cineris
404 2834 627 2926 relinquant.

598 3085 772 3220 Radix
808 3085 1094 3220 Graminis

626 3294 823 3376 Rhizoma
844 3291 1061 3376 Graminis.

357 3471 527 3544 fidicen
544 3494 666 3567 repens
684 3473 737 3560 L,
765 3472 895 3566 planta
912 3471 1088 3559 rediviva,
1115 3468 1168 3542 ad
1192 3467 1285 3555 vim,
1315 3484 1439 3557 sepes

246 3600 284 3671 in
304 3599 402 3691 agris
421 3599 734 3691 frequentissima

354 3725 541 3799 Rhizom
585 3726 848 3818 longissimum
893 3745 1100 3815 ramosum,
1161 3722 1346 3797 siccatum
1393 3717 1441 3791 ad

248 3854 270 3925 3
289 3851 502 3925 miilimetra
521 3874 705 3943 crassum,
728 3852 948 3927 internodiis
969 3846 1440 3937 d—-dcentimetralongis

247 3978 439 4067 fistulosis,
481 3984 588 4052 extus
628 3979 793 4069 sulcatis,
831 3979 1011 4072 laevibus,
1047 3977 1264 4064 nitenu'bus
1300 3973 1441 4049 coloris

247 4078 458 4195 strammet‘
472 4107 712 4180 solummodo
727 4107 783 4179 ad
801 4108 926 4180 nodos
954 4107 1056 4179 intus
1081 4106 1232 4179 clausus
1248 4100 1440 4174 radicibus

245 4231 423 4305 tenuibus
467 4237 504 4307 et
544 4233 690 4325 vaginis
728 4232 1027 4307 membranaceis
1062 4230 1206 4320 athidis,
1246 4226 1440 4302 fimbriatis

247 4358 422 4432 obsitum.

354 4485 478 4559 Sectio
498 4491 716 4561 transversa
734 4487 936 4561 intemodii
954 4487 1104 4561 exbibet
1122 4506 1257 4560 carum
1276 4482 1440 4556 centrata

247 4620 284 4685 et
303 4614 486 4687 annulum
506 4612 752 4687 subcitrinum
772 4636 791 4688 e
812 4614 999 4689 fasciculis
1013 4636 1193 4688 vasorum
1206 4610 1438 4699 continuum,
