3725 5400
936 457 1174 530 -160-

764 670 912 806 lolia
948 671 1342 807 Hananclidis

564 890 786 965 Hamamclc's
815 890 1027 987 Virqimuna
1050 892 1100 984 L„
1128 894 1241 967 arbor
1267 894 1464 969 Americae
1489 900 1649 989 septem·

454 1020 632 1093 trionalis.

562 1147 665 1222 Folia
697 1147 837 1220 siccata
870 1147 1032 1221 breviter
1057 1147 1238 1241 petiolata
1279 1149 1647 1238 evuli-rhomboidea

454 1276 616 1348 obcvata
634 1280 700 1348 aut
716 1274 790 1347 late
810 1278 932 1363 ovata,
954 1274 1101 1362 obtusa,
1121 1280 1232 1348 acuta
1249 1280 1316 1349 aut
1328 1276 1551 1366 acuminata,
1566 1277 1649 1350 basi

454 1402 606 1496 obliqua
616 1401 855 1490 subcordata‚
872 1402 1028 1474 10-15
1042 1401 1392 1495 centimetralonga
1403 1402 1648 1497 inaequaliter

454 1551 584 1622 grosse
603 1530 920 1603 sinuato-crenata
949 1533 1013 1602 aut
1040 1549 1175 1602 versus
1204 1529 1350 1622 apicem
1377 1550 1508 1621 grosse
1527 1532 1647 1605 undu·

452 1656 881 1745 lato-crenato·dentata‚
924 1655 1217 1729 fusco-olivacea
1255 1661 1321 1729 aut
1355 1656 1474 1747 fusca,
1514 1658 1647 1731 subtus

451 1783 649 1878 pallidiora
680 1788 718 1857 et
748 1783 969 1876 praesertim
1001 1783 1041 1855 in
1074 1784 1193 1857 axillis
1226 1806 1428 1859 nervorum
1455 1785 1539 1877 pilis
1567 1787 1646 1858 uni-

453 1911 689 2003 cellularibus
728 1910 993 2004 pachydermis
1030 1909 1204 1984 stellatim
1242 1912 1419 1985 confertis
1456 1912 1647 1987 instructa.

452 2038 558 2112 Folia
593 2037 742 2111 iuniora
782 2036 930 2110 minora
968 2037 1102 2111 subtus
1152 2038 1236 2130 pilis
1274 2037 1491 2130 ferrugineis
1530 2040 1646 2113 dense

452 2171 677 2238 tomentcsa.

560 2290 706 2364 Nervus
720 2290 917 2383 primarius
934 2291 1065 2364 emittit
1078 2292 1117 2366 in
1128 2298 1286 2385 utroque
1297 2293 1413 2366 latere
1424 2292 1646 2387 plerumque

454 2418 558 2492 5-6
589 2438 726 2491 nervos
755 2417 1003 2491 secundarios
1032 2424 1165 2507 rectos
1199 2420 1239 2492 in
1267 2418 1443 2494 dentibus
1467 2421 1644 2514 marginis

422 2545 711 2633 1terminantes3
741 2544 941 2617 incorum
970 2545 1175 2635 segmentis
1207 2545 1313 2619 nervi
1349 2546 1501 2620 tertiani
1527 2569 1645 2641 prope

449 2672 601 2767 paribus
619 2671 822 2745 intervallis
841 2670 938 2745 inter
957 2693 999 2745 se
1020 2672 1169 2746 distant.

558 2799 638 2892 Ope
667 2798 903 2891 microseopii
930 2799 1170 2873 inveniuntur
1196 2801 1235 2873 in
1262 2802 1497 2897 mesnphyllo
1522 2802 1640 2876 dorsi-

449 2927 616 3015 ventrali,
632 2927 813 2999 instructo
834 2930 952 2998 strato
973 2948 993 3000 e
1014 2926 1155 2999 cellulis
1173 2927 1432 3020 paliiormihus
1450 2930 1642 3003 uniseriali

450 3054 603 3128 cellulae
639 3052 914 3146 pachydermae
962 3055 1340 3147 sclerenchymaticae
1374 3056 1637 3146 multiformes,

449 3181 585 3254 mirum
604 3181 643 3253 in
662 3180 819 3253 modum
846 3180 1040 3269 formatae,
1067 3180 1191 3273 aliqua
1220 3187 1389 3273 exparte
1409 3183 1549 3256 similes
1568 3183 1639 3255 illis

445 3309 621 3380 foliorum
640 3307 776 3379 Theae.

556 3434 653 3508 Sunt
665 3433 769 3508 Folia
779 3434 1045 3508 Hamamelidis
1065 3435 1235 3524 inodora,
1256 3436 1404 3530 saporis
1424 3436 1638 3511 subausteri

447 3561 724 3654 adstringentis.

555 3688 685 3763 Partes
705 3690 780 3761 100
795 3689 940 3778 mercis
953 3710 1039 3762 cum
1054 3688 1186 3782 spiritu
1201 3690 1275 3762 vini
1290 3689 1406 3763 diluto
1423 3690 1638 3792 exhaustae,

448 3835 495 3889 ne
527 3816 654 3888 minus
688 3835 802 3907 quam
828 3820 957 3908 partes
987 3815 1038 3887 lo
1067 3815 1222 3887 extracti
1244 3817 1460 3908 praebeant
1493 3816 1635 3890 Eadem

447 3942 635 4035 quantitas
645 3942 836 4015 Foliorum
845 3942 1043 4016 combusta
1051 3963 1100 4015 ne
1109 3943 1195 4035 ptus
1207 3964 1321 4035 quam
1331 3943 1638 4036 partessscineris

445 4070 638 4164 relinquat

634 4302 879 4417 Multa
914 4287 1453 4440 nycaenam.

553 4485 794 4584 Hyoscpcmus
823 4485 924 4582 niqer
955 4486 1008 4575 L„
1042 4487 1171 4579 planta
1203 4507 1331 4559 annua
1359 4491 1397 4560 et
1423 4486 1570 4560 biennis
1599 4487 1638 4559 in

443 4613 627 4687 ruderatis
646 4613 767 4687 obvia.
