3725 5400
916 467 1130 538 ..qq-

536 684 647 779 Aqoa
672 685 796 760 Chlori
819 685 869 758 sit
890 684 1052 778 limpida,
1081 684 1217 759 eoloris
1242 706 1263 759 0
1291 684 1463 759 subflavo
1481 684 1620 774 viridis

427 811 556 885 odoris
576 812 811 900 suffocantis;
830 810 1021 905 pigmenta
1038 811 1260 903 vegetabilia
1279 812 1351 885 cito
1371 810 1549 887 destruat.

536 940 668 1014 Partes
683 940 785 1012 1000
797 939 1013 1012 contineant
1031 938 1182 1013 minime
1196 945 1322 1033 partes
1339 941 1364 1013 4
1380 940 1482 1032 gosis
1493 940 1620 1016 chlori.

431 1069 571 1142 Exinde
583 1072 790 1160 grammata
801 1065 852 1139 05
863 1065 995 1160 Aquae
1010 1065 1147 1158 Chlori,
1162 1066 1339 1140 solutioni
1353 1089 1520 1160 aquosae
1535 1067 1621 1142 kalii

430 1195 544 1269 iodati
564 1216 585 1269 0
606 1199 812 1287 grammate
836 1194 852 1268 1
880 1194 920 1267 in
948 1194 1126 1287 grammis
1157 1195 1180 1267 5
1201 1214 1324 1288 aquae
1353 1194 1498 1268 adiecta
1517 1195 1618 1270 solu·

430 1323 541 1396 tionis
557 1322 667 1396 natrii
685 1322 934 1396 thiosuliurioi
950 1321 1212 1396 deeinormalis
1227 1322 1379 1397 minime
1400 1323 1489 1396 080
1510 1321 1622 1397 centi-

432 1456 553 1524 metra
582 1448 713 1523 cubica
739 1449 943 1542 requirant,
975 1454 1019 1523 ut
1049 1449 1179 1523 indum
1212 1449 1410 1523 liberatum
1432 1450 1620 1542 iungatur.

541 1577 716 1651 Servetur
734 1577 773 1650 in
792 1576 937 1668 laganis
956 1577 1094 1669 parviS,
1123 1578 1273 1669 penitus
1301 1575 1465 1670 1001000,
1486 1578 1623 1671 episto·

432 1704 527 1777 meis
549 1703 674 1776 vitreis
694 1702 846 1793 clausis,
866 1724 890 1775 a
907 1703 990 1778 luce
1009 1703 1164 1776 remotis
1182 1702 1222 1775 in
1240 1702 1323 1776 loeo
1342 1702 1488 1795 frigido.

712 1991 867 2162 Aqua
896 1987 1338 2125 0001001000.

432 2233 507 2325 Rp:
543 2232 772 2304 0001010100
1350 2235 1489 2325 partem
1604 2230 1621 2301 1

541 2364 653 2450 Aquae
1348 2361 1472 2451 partes
1537 2357 1626 2431 100.

506 2486 619 2559 Misce
653 2483 946 2577 conquassando
979 2460 1124 2556 fortiter
1165 2472 1203 2556 et
1242 2481 1342 2554 filtra
1382 2503 1451 2574 per
1486 2483 1628 2557 filtrum

434 2634 533 2709 aqua
552 2613 818 2686 humectatum

542 2741 682 2833 Liquor
708 2738 886 2831 limpidus
915 2738 1052 2811 coloris
1076 2758 1220 2831 expers,
1255 2741 1404 2836 saporis
1429 2738 1626 2814 subdulcis

436 2876 473 2943 et
493 2870 600 2958 acris,
620 2866 820 2941 montionis
839 2866 1020 2939 neutrius

540 2996 700 3068 Paretur
727 3015 773 3066 ex
801 2999 971 3087 tempore
1000 2998 1037 3067 et
1064 2992 1304 3087 dispensetur
1325 2996 1365 3111 in
1388 2996 1532 3088 lagenis
1550 2994 1627 3069 luci

430 3146 634 3219 imperurs.

765 3338 919 3510 Aqua
948 3337 1285 3473 cinnamoni.

708 3567 830 3667 Aqua
850 3563 1102 3645 cinnamomi
1125 3564 1351 3668 spirituosa

430 3743 506 3836 Rp:
541 3743 680 3815 0010010
700 3743 974 3824 cinnamomino)

540 3871 780 3961 8000000101
1303 3865 1488 3963 00000100
1560 3868 1624 3943 10.

502 3998 651 4071 Maeera
669 4019 737 4090 per
759 3998 806 4070 10
826 3996 954 4071 horas.

502 4125 600 4198 Tum
619 4123 796 4198 abstrahe
816 4125 1042 4199 destillando
1061 4124 1143 4218 lego
1163 4125 1256 4198 artis

537 4256 650 4342 110000
670 4253 872 4325 0111001110οί
1367 4255 1487 4346 portes
1533 4251 1620 4323 100.

537 4377 679 4469 Liquor
696 4376 802 4450 initio
822 4375 1007 4467 turbidus
1034 4378 1120 4450 dein
1139 4377 1284 4450 sensim
1308 4377 1525 4469 sensimque
1543 4376 1623 4449 010·

428 4507 540 4599 nidus
560 4525 757 4594 enascens
778 4505 959 4597 ponderis
979 4504 1143 4598 spooifioi
1162 4504 1415 4595 096-098,
1439 4503 1566 4577 odoris
1585 4506 1622 4576 et

429 4634 579 4727 saporis
600 4631 850 4707 cinnamomei
869 4639 906 4705 01
925 4632 1125 4726 spirituosi
