3725 5400
910 404 1153 475 -304-

543 623 672 696 Pulvis
718 621 872 696 Radicis
913 620 1199 714 lpeeecuanhae
1235 624 1388 713 paretur
1433 639 1455 693 e
1489 619 1628 692 cortice

433 749 569 823 reiecto
588 750 731 840 liguo·

542 876 623 969 Ope
657 875 893 969 microsoupii
922 876 1141 968 exploratus
1174 873 1350 948 exhibeat
1382 874 1548 964 amylum
1587 873 1629 946 in

435 1004 600 1097 granulis
649 1002 867 1096 compositis
915 1006 952 1076 et
997 1002 1229 1095 simplicibus
1283 997 1420 1098 (3-9,
1466 1000 1628 1074 maxime

374 1143 393 1158 ·
438 1131 594 1204 12-15
615 1129 957 1217 micromillimetre)
984 1149 1152 1202 unacum
1175 1128 1361 1222 crystallis
1380 1127 1627 1202 aciculmihus

434 1258 538 1331 calcii
562 1257 694 1330 oxalici
711 1257 852 1349 ubique
869 1256 1064 1350 dispersis
1094 1256 1307 1348 fragmenta
1322 1254 1627 1349 pareuthymatis

435 1385 582 1458 corticis
603 1407 623 1458 e
644 1384 786 1458 cellulis
801 1382 1042 1477 leptodermis
1059 1384 1195 1475 amylo,
1211 1382 1397 1456 hincinde
1406 1382 1628 1475 raphidihus

435 1511 539 1584 calcii
556 1510 690 1584 oralici
708 1511 870 1604 repletis,
890 1532 985 1583 vasa
1003 1510 1172 1583 cribrosa
1192 1513 1229 1582 et
1239 1510 1452 1601 fragmenta
1463 1509 1627 1603 perider·

434 1638 544 1711 matis
589 1637 696 1711 fusci.
762 1637 957 1711 Elementa
992 1638 1088 1711 telae
1124 1636 1225 1730 ligni,
1273 1635 1491 1728 praesertim
1534 1657 1630 1710 rasa

436 1770 596 1858 admista
614 1771 793 1859 puncteta
811 1770 849 1838 et
870 1764 988 1838 fibrae
1010 1763 1121 1838 valde
1148 1764 1380 1837 incrassatae
1406 1783 1457 1862 ue
1489 1763 1564 1835 nisi
1590 1763 1630 1836 in

434 1893 652 1986 fragmentis
672 1893 870 1985 perpaucis
891 1893 1152 1966 observenuir.

548 2020 624 2092 100
661 2024 787 2111 partes
824 2018 960 2092 mercis
995 2039 1047 2091 ne
1084 2017 1212 2091 minus
1248 2038 1366 2110 quam
1411 2021 1538 2111 partes
1579 2020 1626 2091 16

435 2147 587 2219 extracti
606 2144 798 2238 spirituosi
815 2145 1036 2237 praebeam
1064 2145 1201 2218 eadem
1220 2143 1410 2236 quantitas
1431 2144 1629 2218 aerumma

435 2296 483 2347 ne
501 2274 588 2366 plus
608 2294 723 2366 quam
742 2278 867 2366 partes
886 2273 912 2345 5
933 2271 1068 2345 cineris
1087 2272 1163 2344 albi
1181 2271 1377 2365 relinquat

547 2401 623 2472 100
633 2406 759 2492 partes
769 2399 934 2492 pulveris
944 2398 1237 2492 ipecacuenhae,
1252 2400 1447 2473 tentamini
1456 2400 1630 2497 sequenti

437 2524 606 2600 chemieo
626 2525 826 2617 subiectae,
854 2547 903 2600 ne
919 2525 1046 2600 minus
1068 2546 1185 2618 quam
1200 2532 1325 2621 putes
1341 2525 1441 2601 dues
1458 2527 1516 2619 (il
1535 2528 1630 2600 alce·

434 2653 622 2727 loidorum
640 2653 879 2747 propriorum
896 2653 1111 2727 exhibeant

541 2779 761 2854 Grammeta
784 2780 808 2852 6
833 2779 985 2873 Radicis
1008 2779 1292 2873 {pecemanhee
1316 2781 1356 2853 in
1388 2781 1541 2874 pulvere
1569 2793 1627 2863 (vu

434 2906 552 2980 misce
571 2906 611 2979 in
629 2907 764 2998 lagena
777 2905 915 2980 idonea
929 2928 1017 2980 cum
1032 2907 1216 3000 grammis
1228 2908 1279 2980 00
1296 2907 1459 2981 aetheris
1473 2908 1630 3001 petrolei

433 3038 644 3126 deoperte,
664 3033 853 3106 interdum
872 3034 1167 3127 conquassando
1200 3056 1268 3128 per
1297 3035 1350 3107 ul
1368 3035 1497 3109 horas.
1529 3036 1628 3109 Tum

433 3160 532 3233 filtra
569 3165 606 3232 et
640 3161 787 3252 liquore
824 3161 975 3235 defluxo
1012 3161 1099 3235 filtri
1135 3166 1355 3235 contentum
1389 3161 1553 3256 imposta
1586 3163 1627 3235 in

433 3287 608 3378 lagenam
627 3291 665 3359 et
681 3286 837 3361 affunde
860 3287 895 3361 ei
912 3292 1125 3380 mammete
1145 3289 1196 3360 00
1217 3289 1390 3379 aetheris,
1409 3310 1630 3382 oonquussu

333 3421 337 3429 '
434 3412 651 3502 miseellam,
667 3414 764 3486 adde
779 3414 998 3488 oeutimetra
1011 3415 1144 3488 cubica
1158 3416 1407 3490 emmoniae
1423 3420 1460 3490 et
1471 3436 1628 3510 sepone,

434 3539 586 3633 saepius
606 3542 899 3631 conquasseudo
927 3563 996 3634 per
1017 3541 1163 3614 horam.
1189 3541 1289 3615 Tum
1314 3543 1482 3616 admisce
1514 3542 1629 3616 centi-

434 3671 555 3738 metra
584 3665 714 3738 cubica
747 3666 795 3738 10
823 3686 959 3759 aquae,
991 3668 1379 3759 conquassarentur,
1400 3689 1544 3763 sepone
1563 3690 1631 3763 per

436 3793 459 3864 5
492 3790 638 3865 minuta
671 3798 707 3864 et
734 3813 872 3885 separa
905 3794 1105 3868 defluendo
1138 3801 1348 3886 grammaua
1385 3796 1436 3869 40
1475 3796 1630 3889 liquoris

435 3918 599 3992 aetherei
625 3919 767 4012 limpidi
794 3920 833 3992 in
861 3920 1096 3993 cucurbitam
1126 3920 1304 3995 idoneam
1322 3923 1501 4015 ponderis
1536 3923 1628 4011 noti,

433 4044 473 4116 in
503 4067 578 4137 qua
596 4067 668 4139 ope
697 4046 820 4119 hahtei
847 4068 971 4139 aquae
1008 4068 1130 4139 usque
1166 4048 1217 4121 ad
1252 4049 1458 4122 siccitatem
1495 4071 1630 4143 evapo-

435 4178 577 4246 rentur.

543 4299 699 4373 Pondus
719 4299 871 4388 residui,
885 4300 1136 4375 examinando
1148 4302 1290 4376 trutina
1303 4309 1504 4397 repertum,
1515 4303 1630 4377 vicies

434 4430 471 4499 et
498 4425 700 4523 quinquies
727 4432 892 4516 auctum,
936 4432 1062 4521 partes
1095 4431 1322 4503 centesimas
1359 4431 1630 4504 alceloidorum

433 4552 586 4625 Radicis
606 4553 888 4646 lpecacuanhae
908 4554 1058 4627 indicat.
