3725 5400
737 413 978 485 -403-

404 630 749 742 lincam
779 625 1304 767 salsanicum

369 833 540 928 crystalli
558 832 807 927 prismaticae
822 832 1026 921 decolores
1046 829 1122 905 aeri
1140 830 1241 904 sicco
1262 829 1453 925 expositae

257 965 356 1038 lente
399 962 624 1052 fatiscentes
661 961 700 1034 in
732 960 900 1054 partibus
935 959 1000 1032 0·6
1036 980 1156 1052 aquae
1190 958 1381 1047 solubiles
1415 956 1454 1030 in

262 1090 394 1185 spi1itu
408 1089 484 1163 vini
502 1088 733 1163 insolubiles.
756 1087 899 1161 Solutio
920 1107 1077 1180 aquosa,
1096 1085 1296 1160 reactionis
1316 1083 1455 1174 acidae,

260 1217 386 1291 addito
406 1217 522 1311 baryo
541 1216 674 1291 uitrico
703 1215 988 1310 praecipitatum
1007 1213 1137 1287 album
1159 1213 1198 1286 in
1218 1213 1334 1287 acidis
1353 1211 1453 1286 inso-

257 1345 370 1420 lubile
396 1344 566 1434 demittit3
605 1345 769 1419 natrium
797 1342 1124 1437 hydrooxydatum
1153 1342 1319 1415 solutum
1347 1362 1452 1437 prae·

259 1473 451 1567 cipitatum
480 1472 617 1563 album,
645 1472 684 1545 in
713 1471 914 1546 excedente
945 1474 1120 1562 reagente
1146 1468 1303 1543 solubile
1324 1468 1453 1556 efficit;
1556 1519 1563 1529 -

263 1623 308 1673 ex
342 1602 414 1675 hac
450 1600 636 1674 solutione
676 1621 776 1692 aqua
812 1597 1121 1692 hydrosullurata
1158 1596 1305 1669 zincum
1339 1596 1454 1669 sullu-

257 1734 382 1803 ratum
401 1728 537 1803 coloris
557 1728 631 1802 albi
650 1727 858 1822 deponitur.

233 1928 237 1936 .
366 1855 510 1930 Solutio
540 1877 687 1950 aquosa
715 1855 879 1949 (ΗΟ)
916 1854 965 1927 sit
1004 1854 1170 1942 decolor;
1199 1874 1269 1926 nec
1299 1858 1453 1945 argento

260 1984 402 2076 nitrico,
448 2006 518 2058 nec
567 1984 674 2058 acido
713 1983 892 2057 sullurico
936 1980 1133 2070 acidulata,
1182 2002 1281 2074 aqua
1317 1981 1454 2074 hydro·

259 2113 443 2185 sulfurato
461 2111 642 2202 turbetur,
661 2133 732 2185 nec
743 2110 960 2184 abundante
972 2109 1163 2185 ammonia
1171 2108 1454 2203 praecipitatum

259 2240 434 2333 deponat.
462 2239 711 2333 superaddito
731 2238 922 2313 ammonio
943 2237 1126 2312 sulfurato
1145 2237 1331 2330 liquorem
1349 2258 1454 2331 prae·

259 2367 356 2458 beat,
381 2367 446 2461 qui
465 2358 492 2441 a'
511 2367 722 2442 sedimento
747 2367 906 2440 filtratns
933 2364 1197 2459 evaporatione
1221 2370 1258 2438 et
1276 2364 1453 2457 ignitione

257 2495 453 2568 residuum
470 2495 713 2589 ponderabile
733 2516 781 2567 ne
800 2494 998 2587 relinquat.

367 2621 512 2712 Quodsi
532 2622 750 2696 centimetra
769 2621 902 2695 cubica
917 2620 940 2694 b
957 2620 1155 2695 solutionis
1181 2641 1347 2715 aquosae
1368 2641 1454 2694 cum

259 2751 405 2843 aequali
424 2749 613 2824 volumine
634 2749 832 2824 solutionis
860 2748 947 2823 ferri
975 2748 1143 2822 sulfurici
1171 2748 1286 2821 mixta
1310 2752 1347 2821 et
1370 2748 1454 2821 dein

260 2883 367 2952 caute
392 2878 632 2972 superinfuso
650 2878 789 2952 brerint
809 2878 916 2951 acido
937 2876 1117 2950 sullun'co
1139 2879 1390 2966 concontrato‚
1409 2898 1454 2950 eo

257 3007 383 3100 plano,
414 3028 490 3098 quo
514 3006 612 3079 inter
634 3027 676 3080 se
700 3005 866 3099 liquores
892 3005 1123 3097 contingunt,
1155 3024 1252 3078 zona
1278 3003 1387 3078 btsca
1405 3025 1453 3079 ne

257 3133 446 3228 adpareat

366 3260 523 3335 Zincum
542 3260 763 3335 salsanicum
782 3281 868 3333 cum
886 3259 1007 3333 natrio
1022 3258 1307 3353 hydrooxydato
1328 3259 1452 3334 soluto

258 3389 479 3463 calefactum
499 3388 729 3462 ammoniam
747 3409 795 3462 ne
816 3387 974 3462 exhalet.

365 3516 582 3591 Grammata
612 3516 759 3590 lZinci
787 3515 955 3589 sulfurici
975 3514 1200 3589 centimetris
1235 3514 1378 3589 cubicis
1403 3517 1450 3588 10

256 3644 408 3737 spiritus
441 3644 517 3717 vini
554 3645 705 3738 saepius
745 3647 1001 3737 conquassata
1038 3643 1176 3736 elapsis
1215 3643 1263 3715 10
1296 3642 1450 3717 minutis

255 3772 434 3845 filtratum
453 3772 670 3865 praebeant,
692 3772 795 3864 quod
825 3772 995 3845 chartam
1014 3769 1303 3863 exploratoriam
1323 3792 1450 3844 caem-

255 3900 353 3973 leam
371 3921 450 3973 non
468 3903 597 3973 mutat
