3725 5400
953 473 1132 546 ..X-

444 697 574 800 parati
614 694 828 798 compositi
872 695 1033 789 sistunt,
1079 690 1152 774 'sed
1192 694 1351 774 nonnisi
1395 694 1639 776 adminicula

443 854 633 938 technioa
645 857 687 936 in
706 858 949 962 quibusdam
968 859 1165 938 eiusmodi
1179 860 1440 962 praeparatis,
1466 861 1638 962 deniquo

443 1027 581 1125 partes
612 1022 858 1125 vegetabiles
888 1022 1105 1101 nonnullae
1138 1022 1178 1100 in
1210 1022 1352 1126 vulgus
1392 1023 1638 1116 notissimae,

443 1180 683 1289 praesertim
704 1178 875 1277 fruetus,
909 1185 976 1288 qui
1007 1185 1099 1264 usui
1121 1184 1452 1288 pharmaceutico
1480 1186 1638 1265 nonnisi

443 1344 629 1427 recentes
651 1348 883 1426 inserviunt.
984 1350 989 1357 ’

480 1506 483 1517 ’
553 1510 632 1591 Sed
663 1510 901 1590 videbantur
942 1516 984 1591 et
1014 1513 1206 1590 nonnulla
1236 1512 1505 1592 medicamina
1545 1512 1639 1589 sim·

442 1675 560 1778 plicia
585 1675 627 1753 in
655 1674 839 1756 codicem
871 1675 1113 1778 recipienda,
1153 1699 1256 1777 quae
1288 1674 1329 1752 in
1361 1674 1526 1779 siugulis
1549 1697 1638 1777 pro·

442 1839 581 1917 vinciis
623 1843 694 1917 aut
734 1839 1004 1917 communitor
1042 1843 1351 1941 repraesentant
1386 1837 1565 1916 remedia
1596 1838 1637 1916 in

444 2004 584 2107 vulgus
612 1998 824 2082 notissima
856 2008 898 2080 et
920 2000 1097 2080 maxime
1130 2001 1362 2081 necessaria
1388 2002 1429 2080 in
1452 2001 1638 2105 pharma-

439 2162 609 2271 'copoliis
641 2167 778 2269 petita,
815 2189 987 2268 quorum
1019 2167 1096 2244 alia
1129 2152 1320 2245 crebriori
1356 2166 1639 2244 adulterationi

443 2324 627 2409 subiecta
649 2336 755 2421 sunt,
788 2330 866 2409 alia
892 2353 986 2409 cum
1009 2328 1203 2408 similibus
1226 2329 1299 2408 sed
1318 2329 1533 2421 vilioribus,
1555 2329 1637 2407 imo

444 2492 596 2586 nocuis
618 2494 766 2573 toxicis
790 2484 1012 2597 permutari
1033 2492 1202 2597 possint.

550 2656 819 2737 Medicamina
840 2657 992 2737 ultimis
1024 2656 1229 2736 decenniis
1253 2655 1401 2760 partim
1429 2662 1516 2736 arte
1544 2656 1637 2736 che-

442 2821 549 2900 mica
580 2819 736 2914 effecta,
778 2822 925 2925 partim
959 2847 981 2898 e
1017 2821 1307 2926 vegetabilibus
1337 2821 1557 2926 ‘depromta
1596 2821 1636 2899 in
1735 2817 1737 2821 ’

444 2985 688 3063 commercio
728 2985 856 3078 obvia,
895 2981 1000 3087 quae
1037 2985 1278 3064 thesaurum
1309 2984 1635 3088 therapeutioum

443 3148 609 3227 nimium
628 3153 788 3253 augent
808 3172 888 3227 non
905 3149 1133 3251 permiscue
1152 3171 1256 3226 novo
1275 3147 1405 3225 codici
1421 3147 1637 3226 inserenda

443 3309 517 3390 sed
569 3312 728 3392 nonnisi
783 3337 832 3390 ea
885 3312 1114 3415 recipienda
1165 3311 1413 3402 videbantur,
1465 3333 1636 3412 quorum

443 3473 623 3556 efficacia
662 3471 745 3553 non
783 3476 915 3554 solum
957 3473 1245 3578 experimentis
1275 3472 1637 3577 pharmacologicis

443 3643 485 3717 et
521 3637 668 3718 toxicis
708 3638 958 3742 investigata,
1001 3661 1141 3716 verum
1185 3637 1308 3715 etiam
1340 3632 1637 3740 circumspecta

443 3801 587 3880 clinica
617 3801 867 3904 experientia
898 3803 1163 3904 comprobata
1185 3805 1260 3892 est,
1289 3824 1462 3902 quorum
1490 3800 1637 3879 consti-

442 3963 545 4043 tutio
565 3961 751 4044 chemloa
773 3968 978 4057 constans,
1002 3964 1112 4068 origo
1136 3968 1178 4042 et
1199 3962 1478 4067 provenientia
1499 3966 1635 4041 certae

442 4127 644 4207 habentur
684 4125 935 4231 quarumque
981 4127 1137 4206 indoles
1175 4113 1637 4241 incorruptassexpedite

442 4290 625 4395 dignosci
647 4296 793 4394 potest

496 4453 502 4462 '
550 4451 743 4533 Hano'ob
772 4477 940 4534 oausam
968 4453 1208 4557 praeparata
1239 4452 1299 4533 sic
1317 4452 1440 4531 diota
1472 4449 1638 4557 organo

442 4618 723 4721 therapeutica
744 4615 829 4697 'nec
853 4642 944 4697 non
976 4641 1068 4697 sera
1099 4617 1352 4698 medicabilia
1389 4616 1431 4694 in
1454 4613 1638 4710 codicem
