3725 5400
379 1366 646 1479 Materiae
672 1367 741 1478 ad
766 1400 927 1478 usum
953 1365 1356 1503 antisopticum.

374 1623 426 1706 Α.
446 1623 553 1706 Tela
570 1623 860 1730 hydrophtlu.
882 1622 998 1708 Gaze
1017 1622 1355 1725 hydrophflum.

375 1791 466 1864 Tela
513 1791 720 1885 gossypina
767 1792 853 1865 alba
881 1790 1114 1864 tlatitudinis
1161 1791 1464 1864 centimetrorum

267 1921 440 2010 80-80,
460 1919 499 1993 in
519 1920 736 1994 centimetro
757 1920 930 2013 quadrati
954 1921 1149 1993 continens
1177 1919 1241 1991 fila
1267 1918 1464 2011 longitudi-

266 2048 366 2122 nalia
389 2049 448 2136 10,
467 2047 532 2120 fila
549 2048 817 2121 transversalia
841 2048 1010 2137 10-11‚
1045 2047 1221 2140 ponderis
1246 2067 1314 2139 pro
1343 2051 1463 2119 metro

266 2174 508 2268 longitudinis
529 2180 780 2266 grammatum
802 2174 973 2247 04-06.

374 2301 468 2375 Tela
486 2302 712 2396 hydrophila
729 2302 779 2375 sit
801 2302 1026 2400 apricatione
1061 2301 1289 2388 candefacta,
1308 2301 1464 2373 liberata

265 2451 289 2502 a
307 2429 545 2523 pinguedine,
567 2428 792 2503 sterilefacta
812 2433 849 2502 et
878 2450 920 2503 se
940 2428 1078 2501 habeat
1097 2449 1186 2521 erga
1203 2428 1395 2520 reagentia
1420 2433 1464 2500 ut

267 2557 487 2650 gossypium
506 2556 738 2650 depuratum.

263 2807 316 2889 B.
339 2786 552 2891 Materiae
577 2807 632 2890 od
660 2830 793 2892 usum
817 2808 1137 2912 antisoptioum
1159 2799 1462 2890 medicamen·

796 2937 935 3019 tusae.
1201 2972 1203 2976 ·

374 3103 434 3176 Ad
467 3103 656 3196 parandas
686 3103 864 3176 materias
898 3104 1104 3176 destinatas
1143 3103 1193 3175 ad
1226 3099 1339 3175 usum
1371 3103 1462 3175 anti·

265 3231 450 3324 septicum
469 3229 780 3303 medicaminibus
804 3231 943 3303 farctas
976 3230 1127 3303 nonnisi
1160 3229 1380 3322 gossypium
1400 3229 1462 3302 dc·

265 3362 442 3452 puratum
458 3362 523 3430 aut
538 3377 627 3448 gaze
649 3356 916 3451 hydrophilum
936 3357 1120 3430 officinale
1135 3357 1350 3430 adhibenda
1365 3361 1463 3429 sunt

376 3484 586 3572 Quantitas·
603 3484 860 3558 medicaminis
890 3485 928 3557 in
965 3486 1135 3578 partibus
1170 3476 1381 3557 centesimis
1415 3484 1463 3557 sit

266 3610 457 3685 evidenter
475 3617 606 3684 notata
633 3612 671 3684 in
699 3612 891 3685 involucro
916 3612 1093 3686 materiae
1114 3612 1227 3685 simul
1246 3632 1289 3684 ac
1309 3612 1462 3704 pondus

267 3738 483 3812 absolutum
502 3739 737 3813 substantiae
759 3728 898 3813 activae
919 3745 1138 3815 contentum
1157 3739 1196 3812 in
1210 3744 1330 3812 metro
1345 3738 1461 3840 longi-

264 3866 405 3939 tudinis
424 3866 530 3939 telae.

372 3992 573 4067 Rationem
582 3994 745 4087 partium
761 3995 1052 4067 centesimarum
1068 3994 1302 4068 substantiae
1318 3994 1461 4067 activae

263 4119 369 4192 ineas
389 4120 427 4192 in
445 4121 626 4195 relatione
647 4120 696 4193 ad
714 4121 866 4214 pondus
895 4122 990 4196 telae
1019 4127 1085 4195 aut
1118 4121 1284 4214 gossypii
1305 4142 1328 4193 a
1346 4121 1461 4193 medi·

263 4247 407 4320 camina
427 4248 538 4340 plane
558 4248 734 4338 liberatis
754 4269 855 4340 aqua
878 4270 1047 4322 necnon
1075 4249 1208 4341 spiritu
1226 4248 1301 4321 vini
1320 4250 1460 4341 optime

260 4373 370 4446 elutis
391 4379 428 4446 et
446 4380 702 4467 temperatura
736 4375 834 4448 100Ο
873 4375 1034 4448 siccatis,
1064 4374 1352 4448 Examinatione
1386 4380 1460 4449 sta·

262 4504 416 4574 tuantur
434 4501 586 4574 minime
606 4507 732 4594 partes
753 4502 980 4576 centesimae
1002 4503 1053 4575 90
1073 4502 1336 4575 medicamenti
1355 4523 1460 4594 prae·

262 4627 399 4721 scripti
