3725 5400
713 509 955 582 -143-

347 728 507 800 Sacclari
535 737 579 808 (V)
1172 733 1300 823 portes
1383 727 1434 802 15

345 855 454 927 Natrii
471 855 722 946 lytrooxydati
741 856 845 928 soluti
980 870 984 879 ·
1176 860 1300 952 portes
1411 855 1434 928 3

309 980 561 1055 calefaciendo
579 980 618 1053 in
637 981 773 1056 balneo
793 1002 925 1075 aquae.

308 1106 457 1182 Massae
475 1107 697 1201 liquefactae
718 1108 897 1183 admisce:

347 1237 505 1310 bacchari
525 1246 569 1319 (V)
1175 1241 1301 1334 parter
1386 1234 1436 1308 70

311 1365 349 1435 et
367 1362 545 1436 continua
564 1362 764 1455 agitatione
784 1363 833 1437 ad
853 1363 1057 1438 siccitatem
1077 1383 1253 1458 evapora.

347 1488 403 1563 Sit
414 1489 536 1583 pulvis
550 1489 799 1579 disco-ruber,
815 1490 962 1584 saporis
979 1490 1109 1566 dulcis.
1129 1489 1347 1565 Grammata
1360 1490 1436 1562 100

238 1617 320 1690 eius
339 1615 556 1690 contineant
573 1616 724 1691 minime
745 1618 1038 1710 decigrammata
1067 1618 1118 1691 18
1146 1617 1245 1692 feni.
1284 1617 1377 1690 Pars
1415 1616 1433 1689 1

237 1744 343 1818 Ferri
372 1743 534 1837 oxydati
576 1745 785 1819 saccharati
813 1746 938 1820 soluta
970 1745 1207 1839 inpartibus
1237 1745 1290 1817 10
1313 1764 1436 1838 aquae

238 1870 402 1944 fervidae
429 1872 610 1964 praebeat
635 1872 821 1966 liquorem
861 1873 1059 1966 limpidum
1096 1871 1233 1947 coloris
1267 1892 1287 1946 e
1319 1871 1436 1945 rubro

238 1997 344 2091 tusci,
375 1998 574 2072 reactionis
605 1998 668 2073 rix
700 1999 889 2089 alcalinae,
927 2000 993 2094 qui
1025 2000 1153 2075 addito
1191 1998 1288 2074 kalio
1316 1998 1432 2072 ferro·

240 2129 398 2218 cyanato
413 2125 538 2199 soluto
553 2146 601 2199 ne
615 2130 790 2217 mutetur,
803 2128 1006 2202 accedente
1022 2127 1130 2201 acido
1145 2123 1433 2220 hydrochlorico

240 2251 356 2327 diluto
388 2253 511 2346 primo
544 2253 710 2327 colorem
743 2254 895 2328 sordide
912 2254 1080 2343 viridem,
1114 2258 1197 2327 turn
1223 2253 1438 2327 caeruleum

240 2378 382 2452 induat

349 2505 492 2580 Solutio
539 2529 685 2602 aquosa
721 2509 756 2600 (l
778 2538 827 2573 =
846 2508 911 2599 eo)
950 2529 1037 2583 cum
1074 2507 1291 2582 abundante
1329 2503 1436 2577 acido

241 2632 372 2707 nitrico
402 2634 518 2709 diluto
539 2635 718 2710 calefacta
737 2636 926 2711 etiterum
944 2636 1164 2729 refrigerata
1191 2631 1318 2708 addita
1336 2631 1437 2705 solu-

241 2760 341 2834 tione
362 2763 504 2855 argenti
523 2763 642 2836 nitrici
661 2765 786 2837 solum
805 2765 1006 2857 opalescat

348 2887 452 2963 Ferri
480 2891 632 2984 oxydati
654 2890 864 2964 saccharati
891 2912 1064 2984 gramma
1092 2891 1109 2964 1
1134 2890 1238 2964 solve
1261 2888 1301 2961 in
1325 2884 1437 2960 centi-

240 3016 369 3089 metris
380 3017 521 3091 cubicis
537 3018 586 3090 10
601 3017 696 3092 acidi
706 3018 874 3092 stdmnci
885 3018 999 3110 diluti,
1010 3019 1108 3093 adde
1118 3017 1204 3091 kalii
1212 3017 1436 3110 hypermen-

240 3142 363 3233 ganici
382 3144 495 3218 soluti
513 3167 548 3239 q.
562 3166 603 3232 s,
618 3151 662 3218 ut
685 3146 821 3219 solutio
840 3147 1023 3239 praebeat
1035 3167 1103 3240 per
1117 3145 1261 3241 aliquot
1283 3144 1433 3233 tempus

240 3270 405 3344 colorem
432 3272 767 3347 subrubicundum.
800 3274 953 3366 liquori
985 3279 1066 3348 tum
1099 3272 1314 3348 decolorato
1338 3267 1437 3341 adde

240 3394 325 3469 kalii
356 3397 471 3471 iodati
506 3419 675 3491 gramma
711 3406 749 3473 et
784 3420 928 3493 sepone
957 3421 1025 3494 per
1065 3400 1200 3474 horam
1231 3398 1271 3472 in
1302 3396 1437 3487 lagena

241 3522 416 3596 obturata
434 3530 689 3617 temperatura
708 3527 906 3602 ordinaria.
925 3527 1025 3601 Tum
1044 3528 1130 3601 titra
1148 3547 1235 3600 cum
1249 3522 1436 3599 solutione

241 3648 350 3722 natrii
378 3650 623 3726 thiostdturici
653 3652 903 3729 decinormali.
934 3653 985 3728 Ut
1008 3653 1136 3732 iodum
1160 3653 1321 3727 liberum
1353 3669 1430 3723 eva·

240 3781 382 3867 nescat,
423 3777 536 3852 hctius
574 3779 771 3852 solutionis
810 3785 1083 3855 consumantur
1120 3779 1337 3854 centimetra
1374 3797 1436 3849 cu·

240 3902 324 3976 bica
342 3904 499 3998 5-5·4‚
523 3907 792 3999 respondentia
809 3907 980 4000 partibus
998 3907 1140 3981 att-3
1159 3904 1247 3979 terri
1273 3904 1313 3977 in
1326 3876 1436 3996 final

240 4030 312 4104 bus
337 4033 412 4105 100
431 4034 654 4127 praeparati.

525 4321 748 4456 Ferrum
785 4322 1139 4492 pulveratun.

348 4538 474 4613 Pulvis
503 4541 782 4631 subtilissimus,
811 4543 1065 4636 ponderosus,
1094 4540 1225 4615 nitoris
1252 4537 1435 4623 metallici,

243 4665 379 4738 coloris
409 4666 531 4758 grisei,
570 4673 743 4760 magnete
778 4670 975 4743 attrahitur
1008 4675 1045 4743 et
1081 4670 1121 4743 in
1153 4668 1261 4741 acido
1297 4667 1435 4760 hydro·
