3725 5400
751 667 963 803 Kaliour
989 667 1299 802 bronatun.

543 872 713 967 Crystalli
741 872 893 947 cubicae
921 873 1029 945 albae
1070 871 1109 945 in
1137 879 1224 945 ae'rc
1253 871 1507 965 persistentes
1546 871 1648 951 ino<

436 1001 563 1091 dorae,
597 1001 744 1094 saporis
782 1000 891 1074 salini
917 999 1131 1095 pungentis
1160 1000 1200 1073 in
1236 998 1404 1093 partibus
1438 999 1461 1071 b
1492 1019 1622 1092 aquae,

435 1148 570 1221 parum
589 1127 627 1201 in
643 1128 774 1221 spiritu
792 1127 868 1201 vini
887 1127 1078 1201 solubiles.
1101 1126 1243 1201 Solutio
1264 1147 1409 1221 aquosa
1426 1124 1625 1199 reactionis

437 1254 607 1330 neutrius
649 1254 777 1328 addita
822 1276 922 1347 aqua
974 1254 1091 1328 chlori
1135 1255 1296 1327 colorem
1338 1252 1460 1327 induit
1505 1253 1625 1326 fusco·

435 1383 586 1472 flavum,
622 1382 685 1476 qui
723 1382 1017 1475 conquassando
1040 1403 1137 1456 oum
1174 1380 1439 1456 chloroformio
1472 1381 1511 1454 in
1552 1380 1625 1454 hoc

435 1510 580 1604 migrat,
610 1509 737 1585 relicta
757 1509 943 1584 solutione
977 1530 1122 1603 aquosa
1146 1509 1331 1583 decolore.
1367 1508 1537 1602 crystalli
1564 1508 1626 1581 filo

435 1637 598 1733 platinco
632 1636 766 1711 affixae
793 1637 987 1711 flammam
1019 1637 1143 1711 colore
1170 1636 1336 1711 violaceo
1364 1635 1544 1725 inficiunt,
1578 1656 1626 1709 ne

435 1785 524 1838 vero
545 1766 671 1840 colore
689 1765 788 1839 flavo
808 1764 984 1838 inficiant.

544 1892 690 1967 Kalium
710 1894 922 1967 bromatum
951 1892 1151 1967 contritum
1178 1892 1218 1966 in
1236 1892 1364 1966 tabula
1390 1892 1628 1986 porcellanea

436 2021 522 2094 alba
553 2025 590 2093 et
621 2025 702 2094 tum
735 2019 828 2094 acidi
867 2020 1033 2094 suliurici
1070 2019 1174 2094 diluti
1211 2024 1315 2111 gutta
1353 2041 1430 2093 una
1466 2020 1627 2093 alterave

435 2148 691 2223 humectatum
711 2147 874 2221 colorem
893 2147 1032 2221 flavum
1051 2168 1100 2223 ne
1119 2147 1260 2221 induat.

545 2274 688 2349 Solutio
717 2295 864 2368 aquosa
887 2275 1051 2367 (1:20)
1078 2274 1200 2350 nesii
1226 2274 1426 2349 coactionis
1449 2274 1627 2349 alcolinac

436 2423 506 2477 nec
532 2424 633 2496 aqua
659 2401 977 2495 hydrosuliurata,
1009 2424 1079 2477 nec
1108 2402 1298 2477 ammonio
1322 2403 1518 2493 sulfurato,
1556 2423 1627 2476 nec

436 2529 543 2604 acido
578 2530 755 2604 sulfurico
793 2528 910 2604 diluto
945 2536 1122 2621 mutetur,
1161 2530 1306 2622 eadem,
1353 2530 1460 2603 acido
1497 2529 1627 2603 uitrico

435 2658 621 2733 acidulaia
648 2658 765 2753 baryo
791 2658 922 2733 uitrico
948 2657 1009 2733 rix
1027 2660 1206 2734 turbetur.
1227 2657 1321 2733 Cum
1344 2659 1458 2753 guttis
1487 2658 1630 2753 aliquot

435 2787 521 2862 ferri
543 2786 829 2880 sesquicblorati
862 2785 975 2860 soluti
997 2792 1034 2859 ct
1067 2786 1330 2861 chloroformio
1350 2792 1535 2880 quassata
1558 2785 1630 2859 boc

439 2914 563 2989 colore
582 2913 749 2988 violaceo
770 2935 816 2988 ne
836 2913 986 2987 inficiat.

546 3041 849 3135 Decigrammata
878 3042 1018 3116 allabi
1053 3042 1213 3116 bromati
1247 3040 1422 3116 exsiccati
1449 3041 1488 3115 in
1530 3062 1630 3135 aqua

436 3169 561 3244 soluta
581 3168 708 3244 addito
729 3169 892 3262 pauxillo
911 3168 998 3242 kalii
1014 3169 1192 3243 chromici
1212 3168 1324 3243 soluti
1342 3189 1413 3241 nec
1431 3168 1527 3243 inira
1542 3168 1627 3242 16·5

434 3317 505 3371 nec
523 3297 623 3371 ultra
652 3297 697 3371 17
730 3297 949 3370 centimetra
978 3297 1108 3370 cubica
1142 3297 1339 3372 solutionis
1368 3296 1629 3371 decinormalis

436 3426 580 3517 argenti
612 3424 734 3499 nitrici
763 3429 1000 3512 consumant,
1032 3422 1152 3497 donec
1178 3425 1465 3518 praecipitatum
1494 3423 1628 3497 coloris

434 3551 536 3625 rubri
555 3572 633 3626 non
653 3551 814 3644 amplius
835 3552 1033 3625 evanescit.

609 3785 820 3921 Kaliuu
858 3785 1197 3920 carbonicun
1226 3785 1461 3920 crudum.

543 3986 671 4063 Pulvis
692 4011 848 4081 grossus
869 3990 990 4079 albus,
1011 3989 1146 4078 siccus
1166 3989 1364 4063 coactionis
1379 3989 1570 4080 sicolinae,
1591 3989 1627 4063 in

437 4117 585 4210 aequali
604 4118 770 4210 pondere
791 4137 912 4209 aquae
931 4117 1134 4208 perexiguo
1156 4116 1308 4191 nonnisi
1331 4117 1482 4191 residuo
1502 4117 1630 4191 relicto

437 4244 616 4318 solubilis.

546 4373 689 4446 Soluuo
709 4394 855 4466 aquosa
883 4371 1009 4446 addito
1039 4371 1145 4446 acido
1175 4373 1354 4447 suliurico
1380 4372 1495 4447 diluto
1521 4372 1627 4448 effer·

435 4499 563 4590 vescit,
597 4499 661 4574 filo
698 4500 862 4593 platinoo
908 4500 1024 4572 limbo
1070 4498 1245 4573 flammae
1292 4520 1425 4591 pamm
1470 4500 1629 4575 lucentis

437 4627 590 4702 admota
606 4627 797 4702 flammam
818 4628 942 4701 colore
961 4626 1128 4701 violaceo
1148 4626 1272 4700 inficit
