3725 5400
750 492 959 564 ,39-

257 711 433 784 admixtis
461 712 640 803 grammis
675 712 698 783 3
728 709 941 783 ammoniae
970 714 1008 782 et
1035 708 1215 802 grammis
1249 710 1297 782 10
1316 730 1451 802 aquae,

256 840 408 932 saepius
434 838 727 931 conquassando
751 857 820 929 per
846 837 964 910 horas
988 836 1049 910 12.
1075 836 1173 909 Tum
1193 835 1291 910 adde
1310 836 1454 910 sensim

255 965 472 1058 sensimque
512 969 658 1037 tentum
692 984 896 1056 aquae-
930 961 999 1036 sed
1029 962 1078 1035 ad
1107 983 1300 1036 summum
1328 984 1450 1055 grem·

256 1099 358 1167 meta
396 1094 419 1166 5
458 1133 511 1146 -
552 1096 590 1164 et
620 1092 653 1165 si
686 1112 784 1182 opus
817 1089 930 1164 iiren't
964 1090 1131 1183 pulveris
1169 1089 1453 1183 tragacanthae

181 1205 183 1207 ⁵
257 1241 426 1312 gramme
448 1219 480 1308 1,
507 1223 551 1292 ut
567 1219 690 1312 pulvis
704 1218 848 1291 fortiter
876 1222 1155 1310 conquassatus
1179 1218 1343 1310 perfecte
1367 1240 1454 1293 con·

255 1347 427 1439 globetur
459 1351 497 1419 et
519 1346 656 1420 solutio
695 1343 1176 1419 aethereo-chloroformica
1214 1346 1456 1439 supraposita

255 1473 376 1566 plene
401 1473 536 1546 evadet
571 1473 733 1566 limpide„
766 1473 906 1565 Elapso
941 1472 1038 1545 hora
1075 1472 1318 1565 sepositionis
1355 1473 1455 1547 filtra

256 1600 369 1675 huius
393 1600 590 1675 solutionis
610 1605 819 1693 grammata
839 1600 891 1673 50
910 1619 981 1692 per
998 1599 1138 1672 filtrum
1157 1600 1295 1693 optime
1314 1605 1455 1674 tectum

255 1729 295 1803 in
313 1729 592 1803 infundibulum
612 1728 886 1821 separeton'um
906 1732 944 1801 et
964 1748 1155 1820 exquasse
1172 1728 1289 1801 ternis
1307 1728 1454 1802 vicibus

262 1879 348 1930 cum
367 1856 593 1930 centimetris
613 1856 752 1930 cubicis
773 1854 880 1928 denis
900 1875 1022 1947 aquae
1043 1855 1148 1928 acido
1167 1840 1454 1947 hydrochlorico

256 1985 476 2058 aciduletae.
520 1984 735 2057 Solutiones
769 2003 936 2076 aquosas
974 1981 1150 2055 collectas
1188 2003 1380 2075 exquasse
1415 1983 1455 2056 iu

256 2111 492 2185 infundibulo
521 2110 764 2203 separatorio,
796 2110 923 2183 addita
953 2109 1140 2183 solutione
1168 2109 1279 2182 netrii
1291 2110 1453 2203 hydroo·

256 2238 383 2331 xydati
416 2238 592 2311 elcelines
625 2239 744 2310 factes
773 2237 916 2310 vicibus
938 2236 1199 2337 ¹sequentibus
1229 2258 1314 2310 cum
1344 2239 1455 2311 centi-

256 2366 384 2439 metris
413 2364 552 2439 cubicis
574 2364 637 2453 20,
676 2365 725 2437 10
745 2364 825 2437 et5
855 2363 1121 2437 chloroformii.
1154 2363 1184 2436 E
1204 2365 1454 2438 solutionibus

257 2492 549 2567 chlorofonuicis
584 2492 747 2566 collectis
782 2492 821 2564 in
853 2491 981 2585 patina
1009 2512 1128 2584 parva
1164 2492 1282 2566 vitree
1320 2513 1453 2566 emove

257 2620 561 2694 chloroformium
576 2641 647 2714 ope
657 2619 783 2693 balnei
797 2640 930 2712 aquae,
946 2619 1142 2693 residuum
1156 2619 1257 2693 sicca
1270 2624 1452 2714 tempera·

257 2753 341 2823 ture
364 2750 463 2822 100Ο
486 2753 524 2821 et
540 2749 681 2821 trutina
699 2747 882 2821 examine

364 2875 454 2949 Eius
500 2875 651 2968 pondus
703 2875 752 2948 sit
800 2874 952 2948 minime
1000 2875 1350 2967 centigremmetum
1402 2874 1452 2947 95

256 3003 491 3095 respondens
514 3002 685 3096 partibus
714 3002 926 3075 centesimis
953 3002 976 3074 5
997 3001 1265 3074 alcaloidorum
1285 3000 1452 3074 Corticis.

577 3325 774 3460 Cortex
805 3324 1143 3460 Ginnonoui.

527 3567 678 3648 Cortex
699 3567 951 3650 cinnamomi
974 3566 1186 3671 Ceylanioi.

370 3760 638 3836 Oinnomomum
658 3762 883 3858 Oeylonicum
902 3764 1086 3856 Breyne,
1108 3763 1333 3836 arbusculus
1348 3784 1454 3856 pree-

258 3890 386 3965 sertim
405 3891 528 3964 cultus
548 3891 587 3963 in
604 3891 738 3965 insulis
754 3890 893 3984 Ceyleu
913 3895 951 3963 et
968 3889 1066 3963 lave„

365 4018 502 4093 Cortex
537 4039 557 4092 e
600 4020 753 4092 ramulis
793 4019 1032 4112 potissimum
1064 4018 1214 4092 bimulis
1249 4020 1453 4104 detractus,

257 4145 553 4238 eperidermete
583 4151 621 4220 et
653 4167 676 4218 a
707 4146 872 4219 maxime
899 4150 1006 4238 perte
1025 4145 1260 4240 mesophloei
1281 4144 1452 4218 radendo

257 4272 436 4346 liberatus
456 4278 494 4347 et
512 4273 685 4347 siccatus.

367 4398 537 4473 Occurrit
559 4401 631 4473 sub
655 4400 777 4473 forme
808 4399 932 4473 hecub
964 4399 1092 4474 teretis
1121 4399 1265 4473 circiter
1292 4403 1456 4472 metrum

258 4526 359 4618 longi
388 4531 426 4600 et
450 4526 583 4601 8-10
602 4526 813 4600 millimetra
839 4526 878 4599 in
898 4526 1091 4614 diametro,
1114 4525 1313 4618 compositi
1334 4547 1353 4598 e
1374 4546 1457 4617 seg·

257 4653 394 4727 mentis
413 4654 559 4727 corticis
579 4653 835 4748 compluribus
854 4653 998 4727 circiter
1023 4655 1073 4726 30
1089 4654 1308 4726 centimetra
1320 4653 1455 4744 longis,
