3725 5400
714 517 951 589 -rae-

233 734 433 826 opalescat
453 732 515 806 Sal
535 755 623 807 curn
641 734 762 807 natrio
781 732 1068 827 hydrooxydatc
1088 735 1211 808 soluto
1228 735 1428 809 calefactus

233 861 461 934 ammoniam
480 883 528 934 ne
548 861 702 935 emittat.

575 1147 787 1281 Kaliurn
814 1148 1080 1282 uitricum.

338 1368 464 1443 Pulvis
499 1368 734 1462 crystallinus
763 1370 822 1442 vel
851 1370 1014 1462 crystalli
1040 1369 1278 1463 prismaticae
1316 1370 1425 1443 deco·

229 1499 341 1587 lores²
371 1496 410 1569 in
430 1503 516 1569 altre
535 1497 792 1589 persistentes
822 1497 1050 1590 inpartibus
1070 1497 1096 1568 4
1116 1519 1237 1589 aquae
1256 1497 1423 1588 frigidae,

169 1644 172 1649 ·
229 1625 267 1696 in
286 1629 391 1717 pane
419 1624 562 1699 circiter
586 1623 739 1697 dimidia
753 1645 874 1717 aquae
888 1623 1053 1697 fervidae
1074 1625 1263 1697 solubiles.
1282 1624 1425 1698 Solutio

230 1772 377 1843 aquosa
405 1751 531 1825 addito
559 1752 658 1824 ferro
688 1751 867 1824 sulfurico
897 1753 1022 1825 soluto
1052 1757 1089 1825 et
1117 1751 1224 1824 acido
1245 1752 1423 1825 sulfurico

230 1883 471 1952 concentrato
492 1880 657 1952 colorem
676 1877 951 1970 nigro-fuscum
970 1879 1092 1967 trahit,
1114 1879 1247 1952 eadem
1266 1879 1328 1952 filo
1348 1881 1425 1974 pla·

229 2005 328 2079 tineo
357 2007 530 2079 flammae
561 2005 712 2079 admota
740 2005 839 2080 hanc
869 2006 994 2079 colore
1023 2006 1188 2079 violaceo
1218 2006 1344 2097 inficit,
1375 2028 1423 2081 ne

228 2154 329 2221 vem,
350 2133 424 2206 nisi
441 2132 672 2223 brevissime,
694 2134 818 2206 colore
837 2133 935 2206 flavo
954 2132 1102 2206 inficiat

338 2260 480 2371 Salutio
518 2281 665 2353 aquosa
697 2260 859 2351 (1:20)
906 2260 1106 2333 reactionis
1148 2261 1318 2333 neutrius
1352 2281 1423 2333 nec

229 2408 328 2480 aqua
375 2387 693 2480 hydrosuliurata,
756 2409 825 2461 nee
874 2387 1063 2460 ammonio
1107 2388 1303 2477 sulfurat0‚
1352 2410 1423 2462 nee

229 2513 355 2587 addita
393 2514 584 2586 ammonia
636 2513 826 2587 ammonio
865 2513 1008 2588 oxalico
1048 2519 1113 2586 aut
1149 2514 1270 2587 natrio
1309 2515 1423 2608 phos·

228 2640 395 2735 phariae,
440 2662 510 2715 nec
551 2641 668 2735 baryo
711 2640 842 2715 uitrico
881 2645 1057 2732 mutetur,
1098 2647 1253 2734 argento
1291 2642 1422 2717 uitrico

228 2769 491 2842 tantummodo
512 2770 714 2862 opalescat.

363 3056 577 3191 Kaliurn
606 3056 923 3191 sulfuratum
952 3095 1049 3227 pm
1077 3055 1284 3190 balnea

226 3276 303 3370 Rp:
333 3280 480 3351 suturis
500 3279 672 3350 sublimati
1162 3282 1287 3372 partes
1397 3275 1421 3349 5

336 3408 428 3478 Kalil
447 3407 616 3478 carlenicl
635 3407 731 3477 cmii
1165 3410 1288 3500 partes
1361 3405 1421 3477 10.

335 3532 467 3606 Intime
496 3533 638 3606 mixtae
667 3533 705 3605 in
734 3530 924 3605 crucibulo
962 3531 1063 3604 fictili
1100 3537 1196 3605 tecto
1229 3532 1305 3605 leni
1336 3531 1422 3624 igne

224 3659 447 3752 liquescant,
468 3658 587 3768 denec
608 3658 889 3731 effervescentia
907 3664 1060 3751 peracta
1078 3679 1210 3732 massa
1223 3658 1422 3752 tranquille

225 3788 318 3861 fluat
345 3790 381 3859 et
409 3786 532 3879 portio
562 3790 736 3878 exempta
754 3784 794 3858 in
815 3806 916 3877 aqua
934 3786 1094 3878 perfecte
1115 3785 1291 3859 solvatur.
1323 3784 1421 3859 Tum

225 3934 397 3986 massam
429 3913 581 3986 effunde
615 3920 653 3988 et
684 3912 942 4006 refrigeratam
975 3913 1102 3992 statim
1135 3912 1174 3986 in
1207 3934 1297 3985 vase
1325 3912 1421 3986 bene

227 4039 436 4115 claudendo
456 4060 577 4114 serva.

333 4167 470 4240 Frusta
490 4166 625 4240 coloris
646 4188 666 4240 e
685 4167 791 4241 lusco
812 4166 940 4254 citrini,
964 4170 1096 4260 postea
1121 4165 1270 4239 eiusce
1287 4163 1421 4252 viridis,

224 4294 263 4367 in
299 4292 469 4386 partibus
507 4292 530 4366 2
566 4314 698 4385 aquae,
735 4293 887 4368 residuo
926 4292 1077 4366 nonnisi
1124 4290 1257 4384 exiguo
1291 4283 1420 4365 relicto

225 4420 412 4506 solubilia3
452 4418 588 4493 solutio
627 4442 771 4513 aquosa
808 4418 1011 4494 reactionis
1050 4418 1241 4506 alcalinae,
1284 4417 1420 4510 hydro·

226 4547 378 4640 genium
396 4547 623 4621 sulfuratum
640 4547 824 4637 redolens
846 4546 981 4620 coloris
1001 4568 1020 4619 e
1039 4547 1137 4619 ssavo
1147 4543 1286 4633 viridis
1312 4543 1422 4618 acido

225 4674 369 4749 acetico
422 4673 537 4748 diluto
570 4679 855 4767 supersaturata
891 4672 1164 4766 hydrogenium
1197 4672 1422 4746 sulfuratum
