3725 5400
738 525 950 597 ...91-

248 741 365 816 luscis
385 738 528 816 ornatis
556 744 593 816 et
624 740 664 815 in
681 741 812 816 intima
830 747 936 834 parte
967 740 1030 814 vix
1056 739 1254 815 manifeste
1273 740 1445 816 radiatim

247 868 396 943 striatis.
427 868 580 963 Saporis
600 876 658 944 est
676 874 803 943 cortex
821 869 1022 944 subornari.

356 995 437 1089 Ope
473 993 710 1090 microscopii
755 997 973 1089 exploratus
1015 994 1151 1069 Cortex
1189 994 1444 1088 Condurango

247 1122 404 1196 excellit:
426 1122 529 1196 vasis
542 1121 718 1197 lactileris
733 1119 958 1198 dichotomis
971 1122 1193 1196 membrana
1208 1119 1299 1195 salis
1314 1143 1445 1196 crassa

244 1248 385 1342 ubique
412 1249 451 1322 iu
470 1251 764 1343 parenchymate
789 1250 912 1343 amylo
938 1248 1149 1343 composito
1172 1248 1264 1338 feto;
1298 1247 1443 1323 cellulis

246 1377 609 1470 sclcrenchymaticis
629 1376 793 1470 copiosis
812 1377 1034 1471 plerumque
1053 1377 1224 1451 obsoleto
1242 1376 1442 1470 polyedris

246 1504 466 1577 membrana
474 1504 560 1597 plus
570 1502 741 1579 minusve
751 1502 1443 1599 incrassata,agglomeratisingrumis

246 1635 283 1704 et
299 1628 479 1719 restibus;
507 1630 609 1703 vasis
628 1631 804 1705 cribrosis
825 1628 1097 1724 copiosissimis
1116 1629 1257 1703 lamina
1275 1629 1446 1704 cribrosa

244 1756 354 1831 valde
386 1757 588 1832 manifesta
615 1757 821 1847 instmctis;
855 1757 1039 1850 crystallis
1059 1755 1163 1830 calcii
1195 1756 1328 1830 oxalici
1359 1778 1442 1850 per·

244 1883 371 1958 mullis
386 1885 553 1976 stellatis,
565 1885 685 1960 rarius
701 1884 943 1978 simplicibus,
960 1883 1097 1978 quibus
1107 1885 1442 1979 strataparenchy·

244 2012 355 2085 malis
392 1986 722 2106 subperidermalis
761 2012 967 2086 abundant.
1004 2012 1138 2087 Fibrae
1174 2012 1256 2086 libri
1296 2013 1440 2105 longae,

242 2138 465 2213 membrana
486 2139 596 2214 valde
615 2162 756 2230 crassa,
781 2140 850 2214 sed
878 2139 1005 2213 minus
1032 2139 1163 2232 rigida,
1193 2139 1443 2214 observantur

243 2265 483 2339 solummodo
510 2265 550 2340 in
578 2266 758 2341 exteriore
793 2271 898 2361 parte
931 2266 1157 2361 endophloei
1189 2267 1228 2340 in
1254 2266 1442 2341 fasciculis

241 2393 346 2466 laxis.
359 2391 403 2467 In
418 2394 570 2485 pulvere
580 2393 735 2467 Corticis
750 2399 952 2468 occurrunt
965 2395 1187 2488 plerumque
1203 2415 1333 2468 earum
1342 2393 1441 2486 frag·

241 2524 370 2595 menta
389 2541 504 2615 saepe
517 2521 675 2596 infracta
692 2527 759 2595 aut
772 2521 1068 2613 subgeniculata‚
1084 2521 1172 2595 hinc
1189 2519 1278 2594 inde
1296 2520 1439 2610 inflata,

241 2647 281 2722 in
299 2648 496 2743 superficie
516 2670 629 2743 saepe
648 2649 793 2743 passim
810 2654 1026 2725 transverse
1044 2649 1104 2723 vel
1132 2649 1282 2744 oblique
1311 2648 1440 2723 striata

242 2780 307 2850 aut
323 2775 476 2850 rimosa
1486 2862 1491 2871 ⁴

348 2901 522 2978 Infusum
560 2903 718 2978 Corticis
756 2903 1010 2996 Condurango
1050 2925 1239 2998 aquosum
1275 2903 1311 2996 (1
1331 2935 1383 2966 =
1401 2905 1439 2994 5)

238 3028 373 3123 frigide
410 3036 584 3123 paratum
625 3030 822 3125 limpidum
872 3032 1093 3107 calefactum
1138 3031 1320 3121 turbatur,
1370 3030 1439 3104 sed

238 3157 497 3251 refrigeratum
523 3157 648 3231 denuo
675 3157 872 3251 limpidum
896 3158 1028 3232 evadit
1060 3158 1264 3232 Decoctum
1282 3156 1439 3232 Corticis

239 3284 493 3377 Condurango
511 3306 561 3359 ne
581 3286 724 3359 coletur
741 3286 813 3359 nisi
833 3286 1102 3378 refrigeratum.

352 3413 427 3488 100
460 3417 587 3506 partes
620 3410 776 3487 Corticis
814 3435 863 3487 ne
899 3413 1028 3487 minus
1067 3435 1181 3507 quam
1218 3418 1346 3507 partes
1388 3412 1436 3486 15

238 3540 392 3613 extracti
425 3539 616 3635 spirituosi
648 3539 859 3614 exhibeant
881 3540 1026 3614 Eadem
1055 3541 1245 3634 quantitas
1279 3538 1437 3615 Corticis

237 3687 284 3740 ne
304 3665 391 3760 plus
412 3689 527 3761 quarn
546 3672 674 3761 partes
697 3668 746 3741 10
767 3667 903 3742 cineris
923 3667 997 3741 albi
1017 3668 1211 3763 relinquat

547 4044 762 4188 Cortex
792 4045 1111 4217 Frangulao.

345 4299 531 4375 Rhombus
549 4301 737 4401 Franpulu
755 4302 807 4393 L.,
827 4302 950 4376 frutex
967 4302 1179 4395 indigenus.

348 4427 484 4502 Cortex
522 4431 645 4504 trunci
683 4433 720 4504 et
755 4450 950 4503 ramorum
986 4430 1148 4504 siccatus
1180 4429 1220 4503 in
1256 4429 1356 4503 tubis
1386 4430 1432 4502 ad

240 4557 263 4629 3
284 4556 487 4630 decimetra
504 4557 639 4651 longis
660 4556 806 4631 circiter
833 4556 1086 4631 millimetmm
1105 4556 1256 4647 crassis,
1276 4555 1434 4647 levibus

234 4682 482 4776 peridermate
506 4683 613 4757 facile
643 4682 841 4777 separabili
866 4683 1097 4758 extrinsecus
1118 4682 1255 4757 coloris
1275 4684 1433 4777 egriseo
