3725 5400
735 460 972 533 -231-

366 680 516 755 Solutio
529 678 734 773 spititnosa
746 677 932 767 Kreosoti,
953 677 1083 753 addito
1100 678 1234 770 exigua
1249 678 1453 771 quantitate

256 807 343 881 ferri
377 805 665 899 sesqnichlorati
698 804 812 879 soluti
845 805 1011 877 colorem
1043 805 1268 894 caeruleum,
1309 804 1454 898 quanti·

256 939 332 1008 tate
366 940 478 1008 aucta
508 932 596 1007 ferri
629 930 920 1026 sesquichlorati
954 931 1119 1005 colorem
1150 929 1307 1004 viridem
1334 931 1455 1005 trahit

241 1061 485 1135 -Kreosotum
513 1059 705 1133 ammonia
724 1058 890 1133 solutum
909 1063 957 1146 et,
988 1057 1115 1133 addito
1144 1062 1298 1150 argento
1323 1059 1454 1132 nitrico

258 1187 306 1260 ad
327 1186 581 1261 ebullitionem
599 1187 831 1274 calefactum,
851 1185 987 1278 liquori
1007 1187 1172 1259 colorem
1185 1186 1282 1260 laete
1301 1186 1456 1258 viridem

256 1313 394 1403 tribuit
431 1313 588 1388 simulac
625 1312 749 1406 peries
787 1312 868 1385 tubi
895 1312 1100 1406 probatorii
1132 1312 1282 1386 lamella
1314 1312 1457 1404 argenti

258 1439 459 1514 inducitur.

369 1566 638 1642 Centimetrum
677 1565 852 1639 cubicum
887 1564 1061 1639 Kreosoti
1108 1586 1194 1638 cum
1232 1567 1457 1640 centimetris

260 1694 402 1768 cubicis
433 1693 491 1767 lb
516 1691 627 1766 natrii
654 1692 929 1787 hydrooxydati
959 1691 1073 1765 soluti
1098 1693 1254 1766 mixtum
1272 1692 1457 1786 liquorem

260 1822 474 1895 subflavum
486 1818 681 1913 limpidum
696 1820 886 1913 praebeat,
908 1818 983 1912 qui,
1005 1819 1231 1892 centimetris
1247 1819 1388 1893 cubicis
1405 1821 1456 1893 50

260 1970 381 2042 aquae
415 1947 554 2021 dilutus
588 1946 764 2040 limpidus
793 1951 955 2020 maneat
984 1945 1252 2021 Centimetrum
1282 1946 1458 2020 cubicum

260 2076 435 2150 Kreosoti
467 2096 554 2148 cum
586 2075 745 2168 decuplo
778 2073 968 2148 volumine
1002 2073 1088 2147 kolii
1116 2074 1390 2167 hydrooxydati
1417 2074 1457 2146 in

261 2204 393 2297 spiritu
410 2202 485 2275 vini
510 2202 685 2276 absoluto
701 2201 816 2275 soluti
831 2201 866 2294 (1
876 2201 968 2293 =5)
985 2200 1144 2275 mixtum
1163 2201 1267 2275 brevi
1286 2206 1456 2295 tempore

259 2331 299 2406 in
318 2351 486 2404 messam
505 2328 758 2423 crystallinam
777 2329 865 2403 abit.

369 2457 596 2530 Kreosotum
624 2476 710 2528 cum
739 2455 887 2546 aequali
914 2454 1103 2528 volumine
1127 2456 1277 2529 collodii
1302 2478 1458 2554 quassa-

260 2591 342 2660 tum
383 2585 584 2678 gelatinem
624 2606 672 2658 ne
706 2584 852 2657 efficiat
899 2584 938 2657 Si
985 2585 1243 2658 centimetrum
1285 2585 1458 2660 cubicum

259 2713 433 2789 Kreosoti
471 2735 556 2787 cum
604 2711 764 2787 aetheris
797 2713 952 2805 petrolei
989 2718 1026 2786 et
1063 2733 1184 2805 aquae
1222 2713 1376 2805 barytne
1413 2711 1460 2786 Pa'o

262 2840 489 2915 centimetris
510 2840 650 2914 cubicis
671 2839 694 2913 l
716 2839 969 2932 quassaveris
995 2844 1155 2914 stratum
1175 2840 1392 2914 aethereum
1411 2861 1458 2913 ne

262 2969 477 3042 caeruleum
504 2971 571 3042 aut
589 2967 797 3055 sordidum,
824 2972 983 3041 stratum
1012 2988 1199 3059 aquosum
1226 2988 1274 3040 ne
1303 2968 1460 3041 rubrum

122 3103 125 3110 ’
263 3095 408 3169 evadat.

296 3365 800 3475 ureocomm
837 3362 1440 3496 carbontcwmr)

371 3566 513 3660 Liquor
531 3566 679 3660 spissus
699 3565 888 3659 limpidus
924 3567 1130 3654 subflavus,
1161 3566 1288 3640 odoris
1307 3565 1460 3639 minime

263 3692 407 3782 fumidi,
429 3691 575 3785 saporis
591 3692 841 3783 amariusculi,
857 3693 1057 3765 reactionis
1071 3693 1253 3783 neutrius
1274 3694 1313 3765 in
1328 3694 1459 3787 spiritu

262 3821 351 3910 vini,
367 3818 517 3893 aethere
533 3825 571 3891 et
584 3813 676 3892 oleis
691 3820 893 3912 pinguibus
907 3818 1082 3892 facillime
1097 3819 1281 3908 solubilis,
1304 3820 1341 3892 in
1362 3842 1462 3913 aqua

262 3945 482 4022 insolubilis,
502 3945 652 4038 Frigore
667 3946 851 4038 crystallis
866 3946 1128 4020 secedentibus
1141 3946 1315 4019 turbidus
1330 3947 1462 4020 evadit

373 4072 468 4147 Cum
496 4077 601 4166 parte
632 4072 783 4146 dimidia
808 4073 895 4146 kalii
921 4072 1198 4166 hydrooxydati
1226 4073 1337 4146 soluti
1369 4075 1462 4147 caic-

263 4202 406 4274 sactum
425 4199 582 4272 odorem
600 4198 763 4272 kreosoti
783 4199 935 4292 spargit

374 4325 470 4400 Cum
488 4324 675 4400 solutione
690 4326 894 4420 spirituosa
907 4325 993 4399 kalii
1006 4325 1280 4418 hydrooxydati
1294 4330 1463 4400 recenter
1612 4417 1616 4428 ι

263 4458 394 4549 parata
426 4473 493 4546 per
522 4453 665 4548 aliquot
696 4453 842 4526 minuta
874 4452 922 4526 ad
957 4453 1208 4526 ebullitionem
1241 4452 1461 4526 calefactum

266 4603 482 4615 *-

375 4665 402 4734 *)
414 4662 540 4719 Occurrit
551 4664 580 4717 in
593 4670 746 4718 mercatura
761 4666 811 4717 sub
825 4663 937 4717 nomine
953 4630 1126 4814 ‚Ktosotnlfl
1308 4627 1341 4896 s
1421 4651 1442 4720 s
