3725 5400
926 488 1162 562 -ata-

449 707 631 781 cuticulae
660 706 1032 781 antennaetormibus
1059 707 1251 781 instructis
1271 712 1309 782 et
1330 707 1639 803 hypodermatee

448 833 552 907 fibris
579 835 687 908 valde
711 834 945 922 incrassata
974 835 1128 908 cellulae
1147 835 1369 929 plerumque
1389 836 1584 927 elongatae
1603 839 1642 909 et

449 966 670 1054 aggregatae
690 962 910 1036 membrana
929 962 1115 1051 decolore,
1137 984 1157 1036 e
1177 984 1255 1059 qua
1267 982 1472 1056 processus
1492 962 1640 1054 angusti

450 1089 637 1183 simplices
648 1094 685 1163 et
694 1090 1027 1164 ramosiincavum
1038 1089 1639 1183 cellulaeprominentesoriuntur.

563 1217 638 1289 100
656 1220 783 1311 partes
811 1217 958 1290 Herbae
988 1216 1148 1291 Sabinae
1169 1216 1416 1291 destillatione
1436 1237 1523 1291 cum
1542 1237 1642 1309 aqua

449 1365 497 1418 ne
517 1344 642 1418 minus
663 1366 777 1437 quam
796 1349 921 1438 partes
942 1347 967 1416 4
988 1345 1060 1418 olei
1078 1345 1242 1417 aetherei
1260 1343 1475 1437 praebeant.
1500 1342 1641 1418 Eadem

451 1472 639 1564 quantitas
659 1472 794 1545 mercis
814 1472 1014 1545 combusta
1031 1493 1080 1546 ne
1099 1472 1185 1565 plus
1205 1493 1319 1564 quam
1334 1475 1461 1565 partes
1484 1473 1532 1543 10
1544 1472 1641 1546 cine·

438 1599 502 1672 ais
520 1598 716 1692 relinquat.

561 1723 737 1798 Servetur
756 1724 882 1798 Herba
901 1725 1062 1799 Sabinae
1082 1747 1130 1799 ne
1149 1727 1248 1799 ultra
1266 1748 1418 1800 annum.

560 1850 685 1925 Odore
705 1852 892 1941 debiliore,
912 1854 1067 1926 ramulis
1087 1854 1206 1944 magis
1226 1853 1373 1946 patulis,
1392 1854 1488 1927 foliis
1507 1874 1641 1927 versus

451 1980 665 2053 inferiorem
693 1979 795 2052 dorsi
823 1984 968 2072 partem
997 1981 1174 2072 glandula
1201 1980 1297 2053 ovali
1324 1981 1384 2054 vel
1408 1979 1643 2054 subrotunda

452 2105 642 2180 instructis
670 2107 934 2180 discemuntur
967 2108 1201 2181 summitates
1233 2106 1391 2202 lucipert
1416 2107 1645 2204 Virginicnac

453 2233 531 2325 (b),
570 2234 714 2307 arboris
752 2234 852 2327 apud
891 2255 964 2308 nos
1001 2256 1080 2308 non
1117 2256 1203 2308 raro
1242 2236 1372 2323 cultae,
1419 2234 1643 2326 quibuscum

381 2340 385 2347 ⁵
452 2361 647 2434 hincinde
669 2362 903 2434 summitates
924 2362 1083 2434 Sabinae
1104 2361 1397 2435 confunduntur.

811 2649 992 2784 Herba
1033 2649 1279 2822 serpylli.

565 2869 716 2968 Thymus
756 2869 958 2968 Semyllum
987 2871 1041 2961 L,
1081 2872 1337 2945 sutiruticulus
1369 2872 1568 2964 indigenas
1605 2872 1645 2945 in

452 2997 615 3091 pascuiS,
636 2998 790 3086 enectis,
812 2999 954 3093 campis
970 3004 1007 3072 et
1022 2999 1240 3073 nemoribus
1255 3000 1430 3092 vulgaria,
1451 2999 1587 3073 mirum
1606 2997 1644 3072 iu

452 3124 608 3198 modum
626 3126 788 3198 varians.

561 3251 686 3325 Herba
722 3252 855 3326 florida
892 3255 1032 3328 siccata
1078 3255 1183 3328 caule
1221 3254 1324 3328 tenui
1361 3254 1645 3347 procumbente,

451 3380 549 3454 foliis
588 3380 769 3473 oppositis
807 3380 1026 3456 brevissime
1054 3382 1249 3475 patientia,
1288 3381 1469 3469 ovalibuS,
1514 3380 1645 3470 ovaus,

452 3507 753 3600 oblongo-oratis
774 3512 839 3581 aut
857 3515 1015 3602 anguste
1034 3509 1262 3598 lanceolatis,
1284 3509 1416 3582 8-10
1437 3507 1646 3581 millimetra

450 3634 585 3727 longia,
614 3634 871 3727 integerrimis
899 3637 983 3710 basi
1003 3637 1142 3728 ciliatis,
1169 3637 1357 3730 utrimque
1378 3636 1526 3727 glabris,
1555 3636 1644 3709 sub·

453 3761 591 3856 glabris
611 3767 676 3837 aut
693 3765 779 3857 plus
799 3764 971 3837 minusve
989 3765 1143 3854 villosiS,
1164 3764 1299 3837 subtus
1319 3762 1517 3856 nunciatis
1544 3763 1642 3836 ilori·

451 3889 524 3963 bus
551 3891 677 3984 parvis
710 3891 1113 3985 reincidam-capitatis
1158 3892 1218 3964 vel
1247 3890 1643 3982 verticillatospicatis,

453 4017 577 4109 calyce
606 4018 783 4091 tubuloso
814 4018 1088 4108 decemstriato,
1121 4016 1647 4109 bilabiata-quinquedentato,

453 4145 595 4217 corolla
624 4145 799 4218 bilabiata
817 4166 1008 4238 purpurea
1027 4149 1092 4218 aut
1110 4145 1342 4218 rubescente.

560 4270 696 4346 Odoris
729 4277 789 4346 est
820 4276 923 4365 grate
953 4272 1154 4362 aromatici,
1198 4273 1344 4366 saporis
1387 4270 1579 4344 aromatici
1611 4276 1648 4345 et

452 4398 776 4474 subamaricantis.

567 4527 642 4599 100
669 4531 797 4621 partes
818 4527 965 4602 Herbae
985 4550 1032 4602 ne
1052 4529 1138 4622 plus
1159 4547 1273 4620 quam
1292 4532 1418 4622 partes
1442 4525 1491 4598 10
1511 4525 1646 4600 cineris

452 4653 663 4727 exhibeant
