3725 5400
718 504 956 579 -175-

347 721 428 818 Ope
456 722 692 816 microscopii
719 724 934 817 exploratus
967 724 1089 817 pulvis
1123 723 1220 798 sistit
1254 724 1435 819 imprimis

238 850 449 943 fragmenta
466 850 705 944 epidermidis
724 855 900 925 externae
924 850 1119 945 pericarpii
1138 872 1158 925 e
1178 851 1318 925 cellulis
1332 852 1435 945 poly-

240 977 349 1071 gonis
386 977 649 1072 pacbydermis
676 999 756 1052 una
784 999 870 1053 cum
908 978 1034 1052 stratis
1071 978 1434 1072 suhapidarmalibus

240 1125 260 1178 e
280 1105 421 1178 cellulis
440 1105 661 1178 membrana
683 1105 1211 1198 collenchymatico·suherina
1237 1105 1435 1199 praeditis;

238 1233 447 1324 fragmenta
475 1232 690 1325 endoearpii
717 1232 852 1327 partim
880 1254 900 1306 e
929 1232 1070 1307 cellulis
1098 1232 1320 1327 plerumque
1354 1254 1435 1326 gre·

239 1359 354 1452 gatim
368 1358 557 1452 congestis
571 1358 930 1434 undulatosinuatis
944 1362 1166 1434 membrana
1190 1361 1357 1465 sclerosa
1376 1365 1437 1435 sat

239 1487 446 1559 incrassata
480 1491 517 1560 at
548 1507 681 1579 grosse
704 1507 863 1581 porosa;
899 1486 1110 1580 fragmenta
1131 1487 1434 1582 parenchymatls

239 1613 461 1708 mesocarpii
485 1636 505 1688 e
525 1614 667 1688 callidis
686 1615 819 1709 amplis
839 1620 905 1688 aut
922 1614 1163 1708 amplissimis
1181 1615 1434 1708 laptodermis,

240 1739 424 1813 hincinde
434 1762 521 1814 cum
531 1741 717 1815 fasciculis
736 1742 1027 1816 vasorumvasis
1037 1741 1237 1835 spiralibus
1253 1742 1434 1833 angustis.

239 1866 282 1940 ln
301 1867 441 1941 cellulis
456 1868 677 1962 praesertim
696 1869 934 1962 epidarmidis
955 1873 992 1942 et
1005 1870 1111 1943 strati
1124 1869 1434 1963 subepidermalis

241 1994 490 2069 observantur
508 2000 634 2088 guttae
659 1996 891 2070 substantiae
915 1998 1067 2070 oleosae
1085 1998 1276 2090 pigmento
1295 2017 1432 2070 aaran·

240 2121 337 2194 tiaco
355 2123 415 2195 vel
434 2124 549 2197 rubro
568 2123 717 2212 tinctae,
740 2144 836 2216 quae
856 2123 1001 2197 adiecto
1022 2123 1129 2196 acido
1148 2123 1327 2196 sulfurico
1347 2144 1434 2197 con·

241 2253 408 2323 centrato
428 2251 592 2324 colorem
611 2250 766 2344 pulchre
786 2251 1000 2324 caeruleum
1019 2251 1182 2323 trahunt

353 2377 429 2449 100
457 2382 583 2470 partes
620 2377 784 2471 pidveris
823 2376 969 2471 Capsici
1007 2377 1226 2453 combustae
1263 2397 1311 2450 ne
1349 2379 1435 2472 plus

242 2524 356 2597 quam
374 2510 500 2597 partes
520 2506 580 2579 6·5
602 2505 736 2579 cineris
754 2505 977 2600 relinquant

527 2794 758 2929 Fructus
801 2793 1143 2929 dardamomi.

348 3012 523 3087 Elettoma
545 3009 817 3088 cardamomum
834 3013 976 3088 White
996 3019 1040 3088 et
1058 3012 1213 3105 Maton,
1241 3015 1369 3108 planta
1395 3015 1435 3089 in

236 3141 341 3214 silvis
360 3141 550 3215 montanis
570 3141 794 3215 Malabariae
814 3146 1035 3235 spontanea.

348 3268 532 3362 Capsulae
552 3269 679 3343 orales
708 3273 773 3342 aut
801 3270 987 3362 oblongae
1007 3270 1141 3343 obtuse
1160 3268 1341 3362 trigonae,
1376 3290 1434 3343 ro·

239 3398 347 3470 stello
375 3396 478 3470 bravi
505 3400 689 3486 truncato,
719 3417 872 3470 sursum
901 3396 1071 3470 tubulato
1109 3400 1322 3484 coronatae,
1353 3396 1435 3468 basi

239 3524 459 3617 plerumque
497 3523 720 3598 rotundatas
753 3528 790 3597 et
822 3523 966 3616 passim
993 3523 1154 3597 breviter
1180 3523 1432 3615 pedicellatae‚

245 3651 345 3724 1-u
380 3651 598 3724 centimetra
633 3651 779 3742 longae,
812 3650 1019 3745 pericarpio
1053 3649 1262 3738 chartaceo,
1300 3650 1433 3739 tenaci,

239 3784 349 3852 extus
373 3777 689 3869 longitudinaliter
708 3777 850 3867 striato,
867 3778 1003 3851 coloris
1019 3777 1210 3850 straminei
1229 3776 1289 3850 vel
1302 3775 1434 3850 flavas·

241 3906 370 3994 centis
400 3905 643 3994 triloculares
673 3905 712 3978 in
731 3905 887 3997 singulis
921 3904 1181 3978 loculamenlis
1213 3904 1434 3996 plerumque

240 4033 446 4107 seminibus
473 4034 496 4107 5
521 4031 772 4124 irregulariter
804 4032 1002 4123 angustatis,
1038 4036 1251 4112 transverse
1270 4030 1432 4121 rugosis,

239 4161 327 4234 hinc
360 4161 465 4234 sulco
499 4160 670 4250 exaratis,
710 4181 756 4232 ex
788 4159 902 4234 rubro
932 4160 1062 4248 fuscis
1097 4159 1200 4231 arillo
1232 4157 1435 4231 tenerrimo

240 4288 528 4361 membranaceo
544 4287 698 4376 vestitis>
715 4286 830 4376 duris,
851 4286 953 4360 intus
969 4286 1074 4375 albis,
1092 4284 1434 4377 amylaceiS,odoris

240 4415 402 4509 pergrali
413 4419 451 4487 et
460 4415 605 4488 intense
617 4414 818 4503 aromatici,
831 4414 979 4506 saporis
989 4413 1130 4486 fervide
1141 4411 1433 4486 condimentarii.

348 4541 576 4616 Adhibenda
601 4545 733 4616 Semina
755 4542 893 4616 reiecto
920 4540 1128 4634 pericarpio
1155 4540 1283 4614 odon's
1311 4543 1348 4612 et
1376 4559 1434 4610 sa-

241 4671 342 4765 poris
362 4675 522 4764 expertc.
1308 4679 1310 4684 '
