3725 5400
711 481 925 552 ...97-

227 700 276 773 10
296 699 514 774 centimetra
539 699 617 772 lata
643 704 681 774 et
707 700 812 773 3-4
831 698 1042 772 millimetra
1061 720 1201 789 crassa,
1230 699 1270 772 in
1301 701 1417 774 latere

223 825 404 900 exteriore
418 848 486 918 per
498 826 770 919 longitudinem
785 847 916 918 grosse
937 825 1068 898 striata
1086 830 1123 899 et
1138 848 1252 919 saepe
1273 827 1416 900 rimosa

223 953 358 1027 coloris
378 953 489 1027 albidi
508 958 573 1026 aut
590 954 697 1042 disci,
726 952 765 1026 in
792 954 908 1027 latere
932 953 1106 1026 interiore
1126 953 1328 1040 sublaevia‚
1356 975 1416 1027 co·

221 1081 311 1154 loris
344 1102 365 1154 e
397 1082 632 1155 lirscescente
666 1080 779 1153 albidi
811 1086 876 1154 ant
908 1079 1157 1154 erubicundo
1177 1080 1357 1170 subfusci,
1376 1080 1416 1153 in

221 1207 386 1281 fractura
412 1228 543 1300 grosse
574 1207 771 1281 assulatim
802 1206 947 1281 fibrosa
975 1211 1011 1279 et
1034 1206 1227 1299 pulverem
1247 1208 1415 1281 emitten-

220 1335 282 1426 tia,
301 1335 366 1428 qui
394 1340 734 1409 sternutamentum
761 1339 898 1409 movet.
928 1332 1006 1408 Sub
1030 1334 1129 1408 lente
1155 1335 1405 1408 observantur

221 1463 260 1534 in
282 1462 445 1537 fractura
464 1462 627 1555 crystalli
650 1461 885 1556 prismaticae
903 1461 1065 1536 nitentes
1085 1461 1189 1535 calcii
1208 1461 1351 1535 oxalici

331 1590 452 1665 Sectio
484 1595 702 1664 transversa
727 1589 893 1679 Corticis,
928 1589 1064 1663 coloris
1094 1588 1206 1662 albidi
1238 1589 1297 1663 vel
1326 1590 1414 1662 sub-

221 1717 467 1808 flavescentiS,
482 1719 630 1811 signata
644 1722 702 1791 est
714 1717 902 1791 fasciculis
920 1717 1104 1790 fibrarum
1116 1716 1414 1790 luscescentibus

220 1845 522 1919 transversaliter
550 1848 587 1919 et
612 1844 785 1918 radiatim
809 1843 1013 1938 dispositis,
1408 1825 1410 1829 ’

330 1971 466 2047 Cortex
493 1978 552 2048 est
577 1973 706 2047 odoris
734 1994 878 2066 expers
907 1971 1057 2064 saporis
1085 1970 1344 2063 mucilaginosi
1373 1974 1410 2044 et

221 2099 330 2174 acris.
349 2101 393 2174 In
411 2106 622 2175 mercatura
649 2099 793 2194 wlgari
812 2099 973 2173 occurrit
998 2099 1219 2193 plerumque
1240 2097 1414 2172 concisus

220 2228 260 2301 in
277 2227 449 2303 frustulis
467 2228 592 2321 planis
612 2227 747 2301 coloris
764 2228 841 2300 iam
859 2226 1045 2318 descripti

328 2354 372 2428 ln
390 2356 542 2450 pulvere
562 2354 688 2429 subtili
708 2353 863 2428 Corticis
883 2353 1065 2443 Quillaiae
1084 2352 1219 2426 coloris
1238 2351 1412 2426 rubicun-

222 2482 441 2557 omo-albidi
473 2503 544 2575 ope
564 2481 798 2574 microscopii
812 2481 1063 2555 observantur
1080 2479 1280 2572 praecipue
1293 2477 1411 2551 fibrae

221 2611 304 2684 libri
317 2610 426 2685 valde
440 2610 684 2700 incrassatae,
705 2608 841 2682 mirum
854 2607 895 2681 in
908 2608 1066 2681 modum
1078 2606 1329 2700 irregulariter
1341 2606 1417 2679 for·

224 2744 347 2813 matae
383 2738 667 2832 polymorphae,
692 2735 981 2824 nodosissimae‚
1016 2734 1273 2824 denticulatae,
1301 2754 1416 2828 saepe

224 2871 398 2940 arcuatae
410 2871 476 2939 aut
493 2866 686 2939 flexuosae
700 2862 1200 2957 plerumqueinfragmentis
1210 2880 1415 2953 earumque

224 2993 391 3067 fasciculi
434 2992 597 3067 comitati
634 2992 775 3067 cellulis
822 2989 1187 3083 sclerenchymaticis
1216 2992 1254 3063 et
1280 3008 1415 3080 paren·

225 3120 454 3214 chymatosis
469 3126 506 3195 et
521 3120 704 3214 elongatis
719 3118 1060 3193 baculaelormibus
1080 3137 1199 3212 aeque
1210 3137 1254 3190 ac
1269 3114 1411 3188 cellulis

225 3248 417 3342 dispositis
426 3269 493 3340 per
501 3248 783 3341 longitudinem,
794 3246 953 3339 singulis
962 3245 1185 3319 membrana
1193 3242 1416 3317 tenuissima

225 3379 262 3449 et
280 3376 454 3469 crystallo
472 3377 559 3468 plus
577 3375 749 3449 minusve
769 3374 884 3466 longa
902 3372 1118 3465 prismatica
1149 3369 1252 3444 calcii
1285 3368 1418 3442 oxalici

223 3502 426 3577 instructis.
450 3502 597 3596 Ubique
624 3503 664 3575 in
694 3502 846 3595 pulvere
874 3501 970 3573 haec
1012 3498 1175 3593 crystalli
1212 3515 1414 3588 earumque

223 3630 435 3726 fragmenta
461 3634 608 3724 praeter
641 3629 807 3721 amylum
838 3627 878 3700 in
911 3626 1077 3719 granulis
1109 3624 1340 3717 simplicibus
1379 3626 1416 3695 et

225 3759 441 3852 compositis
460 3758 707 3850 reperiuntur.

331 3885 459 3959 Pulvis
480 3883 634 3958 Corticis
673 3903 759 3957 cum
788 3902 891 3975 aqua
923 3881 1201 3971 conquassatus
1235 3894 1412 3969 spumam

225 4013 524 4114 copiosissimam
551 4016 686 4085 movet.
734 4012 808 4082 100
842 4008 922 4083 eius
952 4010 1078 4098 partes
1110 4025 1159 4078 ne
1187 4003 1273 4097 plus
1302 4021 1413 4094 quam

224 4145 351 4236 partes
375 4141 421 4213 10
441 4138 572 4212 cineris
592 4137 816 4230 relinquant
