3725 5400
738 488 981 561 —lal-

265 705 510 799 spongiosam
532 748 578 759 —
607 706 785 780 boracem
803 710 932 780 ustum
953 747 1001 759 -
1023 710 1227 780 mutantur.
1258 703 1460 781 Solvuntur

264 836 303 908 in
320 835 491 928 partibus
516 835 561 907 17
584 855 704 927 aquae
723 833 890 925 frigidae,
911 834 950 907 in
970 833 1124 907 dimidia
1137 837 1242 927 parte
1256 831 1457 923 bullientis,

264 962 371 1036 facile
416 961 455 1034 in
492 960 695 1053 glycerium
744 980 815 1052 ope
853 980 971 1033 ansae
1008 959 1060 1032 fili
1097 960 1249 1053 platinci
1284 960 1459 1034 flammae

266 1090 439 1162 admotae
467 1086 568 1161 hane
597 1088 721 1162 colore
749 1087 860 1177 flavo,
890 1086 1000 1161 acido
1020 1087 1197 1161 sulmrieo
1217 1090 1459 1161 concontrato

268 1214 406 1302 addito,
428 1215 552 1287 colore
572 1213 681 1288 viridi
698 1213 876 1287 inficiunt

375 1341 517 1414 Solutio
557 1361 706 1433 aquosa
741 1340 904 1432 (1:50)
942 1340 1141 1414 reactionis
1179 1341 1360 1415 alcalinae
1387 1362 1459 1416 nec

266 1490 367 1562 aqua
416 1467 734 1561 hydrosullurata‚
786 1488 857 1541 nec
910 1468 1099 1542 ammonio
1147 1468 1343 1559 sulfurato,
1390 1488 1460 1543 nec

267 1595 455 1670 ammonio
484 1595 627 1668 oxalico
656 1600 831 1684 mutetur,
862 1595 989 1669 addito
1010 1595 1117 1669 acido
1137 1594 1267 1670 nitrico
1286 1616 1335 1670 ne
1355 1596 1461 1671 effer·

267 1728 395 1798 vescat
423 1728 459 1796 et
486 1723 603 1816 baryo
633 1722 764 1796 uitrico
789 1727 855 1796 aut
874 1727 1029 1814 argento
1049 1723 1179 1796 uitrico
1199 1722 1247 1795 ad
1267 1744 1461 1800 summum

267 1851 469 1945 opalescat.

574 2119 817 2253 Nauium
848 2118 1159 2279 hiematum.

374 2358 503 2431 Pulvis
537 2360 773 2453 crystallinus
806 2359 927 2448 albuS,
953 2358 992 2430 in
1012 2365 1099 2432 atre
1119 2358 1220 2432 sicco
1239 2357 1459 2453 persistens,

267 2486 306 2559 in
324 2486 493 2579 partibus
518 2486 579 2559 lu
601 2508 733 2579 aquae,
758 2485 943 2558 difficilius
967 2485 1006 2557 in
1031 2485 1163 2579 spiritu
1181 2485 1257 2560 vini
1276 2483 1459 2572 solubilis;

267 2613 459 2690 flammam
487 2615 611 2688 colore
639 2615 737 2687 flavo
766 2612 891 2687 inficit.
921 2611 1065 2686 Solutio
1091 2634 1237 2706 aquosa
1260 2611 1460 2685 coactionis

265 2745 433 2818 neutrius
454 2743 579 2816 addita
599 2762 697 2834 aqua
717 2740 833 2813 chlori
854 2740 1018 2814 colorem
1036 2740 1157 2814 induit
1175 2740 1459 2835 rubro-flavum,

267 2870 331 2963 qui
364 2869 654 2964 conquassaudo
698 2888 784 2941 cum
824 2866 1088 2941 chloroformio
1125 2867 1165 2940 in
1201 2868 1275 2940 hoc
1313 2865 1457 2959 migrat,

266 2997 394 3071 relicta
412 2998 599 3072 solutione
621 3015 767 3088 aquosa
787 2994 971 3067 decolore.
1447 2977 1448 2980 Ὺ

373 3123 502 3196 Pulvis
539 3122 579 3195 in
614 3122 744 3196 tabula
781 3119 1020 3214 porcellanea
1062 3119 1150 3193 alba
1191 3119 1389 3213 dispersus
1426 3123 1463 3192 ct

268 3250 375 3325 acido
413 3249 593 3324 sulfurieo
628 3248 744 3321 diluto
772 3247 1012 3321 humectatus
1046 3267 1094 3319 ne
1129 3245 1256 3320 statim
1295 3246 1461 3319 colorem

266 3376 407 3451 ssavum
425 3377 561 3450 trahat
1445 3467 1447 3474 y

182 3506 184 3510 ’
375 3503 519 3577 Solutio
557 3522 703 3593 aquosa
737 3500 899 3592 (1:20)
938 3521 1025 3573 cum
1063 3499 1205 3592 aliquot
1232 3500 1347 3593 guttis
1375 3499 1462 3574 ferri

268 3627 559 3722 sesquiehlorati
573 3628 687 3701 soluti
700 3628 818 3701 mixta
832 3634 869 3702 ct
883 3649 970 3701 cum
990 3627 1255 3701 chloroiormio
1275 3648 1462 3721 conquas·

268 3762 352 3832 sala
392 3757 481 3830 huic
509 3755 675 3829 colorem
707 3755 918 3829 violaceum
947 3776 996 3829 ne
1029 3754 1176 3827 tribuat.
1215 3753 1359 3829 Eadem
1390 3774 1462 3827 nec

267 3906 367 3978 aqua
385 3883 702 3975 hydrosulfurata,
721 3903 791 3956 nee
811 3882 1002 3956 ammonio
1023 3882 1218 3970 sulfurato,
1246 3901 1316 3954 ncc
1344 3880 1460 3975 herpo

265 4010 409 4100 niuno,
428 4031 499 4083 nec
519 4008 627 4082 acido
648 4008 825 4082 sulfurico
846 4008 965 4082 diluto
984 4011 1103 4082 mutet
1149 4064 1157 4082 .

375 4138 415 4211 Si
442 4137 635 4210 flammam
663 4136 784 4209 natrio
813 4136 987 4208 bromato
1016 4135 1142 4208 colore
1175 4135 1273 4208 ssavo
1306 4133 1459 4208 tinctauu

267 4286 334 4358 per
361 4263 528 4338 tabulam
556 4264 716 4336 vitream
744 4263 957 4336 caeruleam
980 4261 1242 4354 interpositam
1270 4261 1462 4354 aspexeris

268 4391 372 4465 color
387 4391 501 4464 ruber
519 4389 708 4479 flammae,
729 4389 805 4463 nisi
822 4389 1058 4479 brevissime,
1079 4408 1128 4461 ne
1148 4387 1338 4482 adpareat.

375 4516 491 4590 Natrii
519 4516 679 4590 bromati
709 4515 886 4589 exsiccati
906 4515 1203 4607 decigrammata
1232 4515 1254 4588 i
1285 4515 1325 4587 in
1345 4514 1458 4588 centi-

267 4644 397 4718 metn's
427 4642 568 4716 cubicis
593 4643 640 4714 10
670 4663 792 4734 aquae
811 4641 936 4715 soluta
964 4640 1098 4714 additis
1128 4641 1243 4733 guttis
1268 4638 1459 4713 nonnullis
