3725 5400
932 499 1177 574 -432-

559 715 599 813 b)
627 717 802 791 Burettae
836 718 890 791 sie
919 717 1041 792 dictae
1069 717 1109 791 in
1137 718 1356 792 centimetra
1384 709 1518 792 cubica
1543 717 1648 792 eius·

450 867 526 943 que
547 846 712 920 decimas
734 850 860 938 partes
882 844 1023 919 divisae
1043 846 1239 919 minimum
1258 845 1318 919 Nr.
1338 845 1375 919 01.

560 971 594 1068 c)
623 971 790 1065 Pipeltae
816 972 999 1062 diversae,
1021 994 1117 1065 quae
1135 974 1313 1047 volumen
1338 973 1646 1048 centimetrorum

450 1099 671 1173 cubicorum
687 1099 722 1187 5,
746 1098 968 1189 101015,
991 1101 1042 1173 50
1063 1105 1100 1173 et
1122 1101 1198 1172 100
1219 1105 1346 1174 exacte
1364 1100 1540 1174 iudicant

559 1219 781 1300 Cunirbi'tae
814 1219 953 1318 parvae
981 1226 1119 1301 vitreae
1148 1233 1257 1320 aptae
1294 1227 1343 1301 ad
1372 1228 1647 1302 examinandos

449 1354 590 1446 gradus
611 1352 850 1427 ebullitionis.

459 1507 463 1516 ¹
515 1527 518 1532 ι
557 1480 740 1554 Balneum
763 1464 896 1573 aquae.

557 1607 771 1701 Apparatus
804 1607 1070 1681 exsiccalorius
1099 1628 1171 1702 ope
1209 1607 1304 1682 acidi
1341 1608 1509 1683 sulfurici
1555 1630 1644 1684 con-

448 1734 616 1808 cenlrati.
708 1753 710 1756 ’
805 1763 809 1768 ·

557 1863 723 1956 Lampas
745 1862 871 1935 vitrea.

557 1989 731 2064 Catinum
753 1989 960 2082 plaliueum
978 2010 1064 2063 cum
1083 1989 1261 2083 operculo
1283 1995 1476 2063 excavata.

538 2117 702 2190 -Patella
721 2117 894 2210 platinae.
1037 2163 1045 2171 -w

556 2244 715 2317 Lamina
734 2249 772 2318 et
790 2244 895 2317 illum
914 2243 1091 2319 Platiuae.
1203 2289 1205 2292 v

558 2371 736 2464 10111113.-

557 2499 802 2591 Triangulum
822 2499 871 2572 ad
889 2483 1107 2592 ignitionem
1124 2485 1420 2572 crucibulorum.

549 2627 671 2704 'Ustor
689 2626 871 2702 Bunsenii
890 2627 950 2702 vel
967 2627 1114 2722 lampas
1133 2626 1301 2702 Berzelii.

556 2755 773 2849 Apparatus
811 2777 880 2849 pro
919 2755 1160 2829 extricatione
1198 2755 1301 2848 gasis
1338 2753 1643 2847 hydrosullurati
1705 2762 1709 2767 ’

447 2884 565 2958 chlori
585 2889 654 2957 ele.
829 2884 835 2893 “
1471 2894 1473 2897 ·

554 3011 691 3085 Tubuli
709 3010 904 3104 capillares
925 3016 961 3083 et
980 3010 1105 3084 annuli
1127 3009 1267 3084 elastiei
1297 3009 1345 3082 ad
1365 3008 1640 3084 determinatio·

445 3160 535 3212 nem
554 3138 694 3231 gradus
714 3137 984 3231 liquescentiae
1003 3137 1258 3211 inservianda.
1360 3180 1364 3188 ·

459 3287 464 3295 ·
554 3265 778 3357 Excipulum
796 3264 1101 3339 Woulffianum.·

513 3432 521 3442 -
556 3391 743 3466 Scrinium
763 3392 1059 3465 exsiecalorium.

485 3574 515 3587 „
553 3519 774 3593 Areumetra
811 3519 858 3591 ad
906 3518 1178 3611 explorandum
1222 3517 1374 3611 pondus
1427 3516 1644 3610 specificum

445 3668 648 3741 corporum
680 3646 883 3719 fluidorum
914 3651 997 3719 tum
1029 3666 1130 3738 aqua
1161 3645 1342 3718 leviorum
1374 3666 1492 3737 quum
1524 3643 1643 3737 gravi·

445 3797 566 3848 orum.

553 3902 914 3976 Alroholometrum.

553 4028 1059 4120 Τ1131ωο11131130,ᾳιιο111111
1078 4029 1479 4118 unumtemperaturas
1499 4023 1640 4098 -150

444 4178 566 4251 usque
592 4155 777 4259 1-1100,
803 4156 961 4229 alterum
989 4158 1262 4247 temperaturas
1303 4162 1339 4235 4
1381 4151 1481 4225 1100
1521 4173 1644 4244 usque

445 4285 548 4357 3000
571 4284 724 4357 iudicat.
1025 4306 1029 4312 ’

460 4449 463 4457 ·
551 4410 920 4503 Repositoriumpro
941 4407 1060 4480 filtris.

553 4539 648 4612 Rata
677 4560 697 4612 a
730 4538 802 4611 filis
831 4536 974 4610 ferreis.

553 4665 667 4738 Filtra
686 4669 723 4740 et
742 4665 873 4739 charta
901 4663 1045 4737 bibula.
