3725 5400
904 451 1147 524 -346-

528 663 728 799 Solutio
766 665 919 799 Ferri
958 664 1183 799 ehlorati
1220 665 1523 836 spirituoso·

892 866 1161 1002 aetherea.

584 1072 756 1177 Spiritus
776 1073 888 1153 Ferri
907 1073 1218 1177 sesquichlorati
1238 1073 1467 1155 aethereus.

429 1249 503 1343 Rp:
538 1253 633 1324 Ferri
652 1253 910 1343 sesquiclrloruti
929 1254 1032 1325 soluti
1347 1257 1488 1348 portem
1601 1251 1617 1324 1

538 1381 682 1471 Spiritus
702 1382 856 1453 Aetheris
1350 1385 1475 1475 partes
1586 1380 1621 1452 9.

506 1506 619 1580 Misce
653 1511 690 1580 et
717 1507 871 1580 immitte
900 1506 939 1579 in
966 1507 1141 1599 lagenam
1173 1505 1308 1580 coloris
1343 1513 1532 1600 expertem
1560 1506 1620 1595 ita,

428 1640 469 1706 ut
498 1641 625 1728 partes
653 1640 730 1709 tres
751 1634 981 1728 quadrantes
1001 1636 1157 1727 lagenae
1180 1635 1324 1727 liquore
1351 1637 1514 1729 repletae
1535 1635 1621 1708 sint.

428 1762 618 1855 Lagenam
643 1762 780 1856 optime
801 1761 1015 1835 obturatam
1048 1783 1193 1855 expone
1223 1762 1315 1835 solis
1340 1762 1466 1852 radiis,
1500 1784 1622 1855 usque

429 1891 520 1963 dum
539 1891 662 1983 liquor
681 1890 834 1963 decolor
854 1889 998 1963 evadat
1019 1889 1116 1962 Turn
1134 1890 1308 1982 lagenam
1326 1891 1409 1963 loco
1429 1890 1622 1980 umbroso,

429 2041 512 2091 eam
550 2019 702 2112 saepius
736 2017 951 2111 aperiendo,
986 2039 1139 2111 sepone,
1179 2018 1299 2090 donec
1337 2017 1460 2110 liquor
1497 2017 1621 2091 denuo

429 2146 593 2218 colorem
611 2146 750 2219 ssavum
770 2145 965 2239 acceperit.

536 2272 676 2365 Liquor
693 2271 868 2365 limpidus
897 2272 1030 2360 flavus,
1052 2270 1180 2344 odoris
1200 2270 1375 2360 aetherei,
1396 2270 1544 2364 saporis
1565 2293 1621 2344 ar·

429 2401 551 2475 dentis
568 2407 604 2474 et
619 2399 764 2494 styptici
778 2401 920 2490 terrosi,
937 2399 1116 2494 ponderis
1133 2399 1298 2493 specifici
1312 2400 1621 2490 calo-osta,

430 2529 494 2621 qui
521 2529 666 2602 adiecta
690 2529 879 2601 ammonia
912 2528 1163 2602 sedimentum
1191 2527 1325 2600 coloris
1360 2549 1379 2600 e
1404 2527 1511 2600 viridi
1529 2528 1624 2622 nigri

430 2656 584 2751 deponit
599 2656 687 2730 etin
701 2655 870 2750 partibus
890 2657 966 2729 100
983 2655 1125 2730 circiter
1139 2659 1284 2749 partem
1303 2657 1319 2728 1
1343 2655 1431 2729 ferri
1446 2654 1621 2731 continet.

538 2784 683 2874 Quodsi
710 2764 756 2856 aa
798 2783 1017 2857 centimetra
1050 2783 1181 2856 cubica
1213 2784 1261 2854 10
1291 2782 1493 2857 Solutionis
1522 2783 1625 2857 Ferri

430 2913 587 2985 ehlorati
625 2910 1047 3005 spirituosoaethereae
1082 2915 1119 2985 et
1151 2909 1237 2983 kalii
1278 2910 1408 2984 acetici
1440 2910 1552 2985 soluti
1584 2911 1623 2984 in

428 3040 520 3113 tubo
535 3039 793 3112 mensurando
809 3043 896 3132 apto
913 3038 1239 3131 conquassaveris,
1254 3043 1342 3132 post
1356 3038 1623 3132 sepositionem

428 3167 617 3240 miscellae
633 3166 851 3240 centimetra
866 3166 998 3240 cubica
1017 3167 1122 3239 4-5
1138 3166 1293 3258 liquoris
1314 3166 1478 3239 aetherei
1493 3188 1623 3260 supra·

430 3295 592 3367 natantis
612 3295 800 3369 secedant

908 3508 1144 3680 Species,

536 3731 594 3804 hd
623 3732 812 3825 parandas
833 3731 985 3824 Species
1013 3730 1290 3804 medicamenta
1322 3730 1548 3819 adhibenda,
1582 3736 1624 3804 ut

428 3859 579 3949 herbae,
624 3859 723 3948 folia,
765 3860 934 3948 cortices
983 3859 1094 3952 ligna,
1143 3858 1289 3932 radices
1328 3858 1622 3947 conscindendo,

430 3987 697 4061 contundendo
717 3990 776 4061 vel
794 3987 986 4082 raspando
1007 3988 1237 4061 comminuta
1261 3986 1505 4079 aequabiliter
1524 4008 1624 4060 com·

428 4116 667 4189 misceantur·
1458 4096 1462 4103 ’

535 4244 662 4317 Pulvis
682 4243 862 4333 subtilior,
893 4243 1184 4317 comminuendo
1212 4241 1476 4334 vegetabilium
1504 4247 1621 4332 ortus,

430 4378 515 4445 ante
534 4371 752 4445 mixtionem
771 4393 843 4465 ope
864 4371 973 4445 cribri
992 4374 1259 4445 ammoveatur.

536 4501 695 4574 Fructus
725 4505 762 4573 et
790 4500 937 4573 semina
966 4505 1126 4574 contusa
1145 4504 1230 4571 ante
1260 4498 1372 4572 finem
1392 4498 1623 4591 procedendi

430 4628 634 4720 Speciebus
656 4627 937 4701 commiscenda
956 4632 1055 4699 sunt.
