3725 5400
910 460 1119 533 ..76-

697 672 974 809 Chininnm
1003 673 1328 809 sulfuricum.

523 929 693 1025 Crystatli
731 931 947 1021 aciculareS,
983 930 1238 1020 tenuissimae,
1271 930 1417 1020 molles,
1452 929 1612 1004 sericeo·

413 1057 586 1148 nitenteS,
609 1057 756 1151 saporis
774 1058 884 1133 valde
904 1058 1032 1148 amari,
1053 1059 1093 1131 in
1112 1065 1199 1133 aere
1214 1058 1314 1132 sicco
1329 1058 1556 1147 fatiscentes
1572 1058 1612 1131 in

413 1195 499 1261 aere
513 1187 670 1261 humido
685 1188 885 1261 humorem
904 1187 1146 1262 attrahentes
1165 1186 1210 1261 In
1224 1187 1378 1279 spiritus
1391 1187 1468 1261 vini
1480 1186 1612 1261 fervidi

412 1313 581 1407 partibus
612 1316 648 1403 6,
683 1313 722 1386 in
755 1334 877 1404 aquae
904 1312 1070 1386 fervidae
1098 1312 1351 1406 partemue,
1381 1312 1421 1385 in
1456 1312 1611 1405 frigddae

412 1441 580 1533 partibus
600 1439 744 1514 circiter
763 1441 842 1512 800
861 1440 1068 1513 solvuntur.

522 1567 665 1641 Solutio
692 1587 848 1658 aquosa,
876 1567 1075 1640 reaetionis
1104 1567 1273 1640 neutrius
1297 1586 1345 1639 ne
1372 1586 1463 1639 vero
1483 1565 1611 1640 acidae

413 1700 518 1787 gutta
546 1693 642 1768 acidi
665 1693 833 1767 sidduiei
852 1693 1028 1783 admixta,
1059 1694 1183 1768 colore
1212 1693 1385 1767 caeruleo
1413 1692 1612 1766 fluorescit

521 1819 667 1910 Quodsi
687 1819 864 1893 solutioni
883 1840 1064 1914 aquosae,
1097 1819 1230 1912 frigdde
1250 1823 1451 1908 saturatae,
1481 1819 1611 1912 paritu-

412 1949 492 2022 lum
511 1968 632 2039 aquae
663 1947 781 2020 chlori
815 1968 859 2019 ac
879 1947 967 2021 dein
986 1947 1215 2021 ammoniam
1237 1945 1474 2020 instillaveris
1509 1947 1613 2019 color

411 2074 538 2148 viridis
568 2073 766 2147 enascitur.
800 2073 944 2146 Solutio
974 2094 1123 2166 aquosa
1145 2073 1262 2165 baryo
1295 2072 1427 2146 uitrico
1447 2073 1611 2146 admixto

412 2201 664 2274 sedimentum
684 2200 824 2289 album,
854 2201 894 2273 in
913 2199 1028 2274 acidis
1047 2199 1247 2275 insolubile
1266 2200 1435 2289 demittit,
1457 2205 1612 2292 argento

412 2327 543 2401 uitrico
563 2348 611 2400 ne
631 2332 805 2401 mutetur.

521 2453 723 2528 Chininum
751 2454 975 2528 sulfuricum
993 2475 1064 2528 nec
1083 2455 1190 2528 acido
1210 2455 1390 2530 sulfurico
1410 2476 1480 2529 nec
1500 2455 1612 2528 acido

412 2581 543 2655 uitrico
564 2585 806 2655 concentrato
826 2583 1086 2656 humectatum
1105 2583 1301 2656 coloretur.

521 2709 699 2784 Gramma
723 2710 813 2783 salis
841 2711 880 2783 in
910 2710 1136 2785 centimetris
1167 2710 1308 2784 cubicis
1340 2711 1360 2783 7
1383 2709 1565 2784 mixturae
1591 2730 1611 2782 e

411 2836 601 2911 volumine
625 2838 642 2909 1
667 2837 819 2931 spiritus
838 2837 914 2910 vini
929 2839 1091 2912 absoluti
1106 2843 1143 2913 et
1155 2838 1411 2912 voluminibus
1428 2838 1451 2910 1
1468 2837 1612 2912 chloro·

411 2964 534 3037 formii
546 2965 777 3057 compositae
793 2970 1048 3058 temperatura
1056 2966 1238 3038 400-50Ο
1247 2965 1415 3038 solutum
1427 2964 1613 3056 liquorem

411 3091 601 3183 praebeat,
632 3090 698 3182 qui
717 3091 776 3163 vel
795 3091 1037 3183 refrigeratus
1055 3091 1167 3184 plane
1186 3089 1364 3184 limpidus
1383 3096 1611 3184 permaneat

524 3216 741 3290 Grammata
761 3217 784 3290 5
806 3217 954 3291 Chinini
973 3217 1141 3292 sulfurici
1165 3217 1338 3292 exsiccati
1365 3218 1613 3292 infundantur

412 3343 639 3418 centimetn‘s
660 3343 799 3417 cubicis
826 3345 876 3417 50
906 3366 1028 3437 aquae
1048 3350 1086 3418 et
1113 3345 1291 3418 continuo
1311 3345 1487 3437 agitando
1517 3345 1612 3418 cate·

413 3471 504 3544 fiant
530 3470 570 3543 in
598 3471 736 3545 balneo
752 3492 874 3564 aquae
903 3473 953 3546 ad
980 3477 1273 3565 temperaturam
1299 3472 1527 3545 600-650.
1547 3471 1612 3544 Mi·

413 3598 528 3671 scelte
551 3603 759 3692 seponatur
786 3619 853 3692 per
882 3599 1077 3672 dimidium
1103 3599 1232 3689 horae,
1273 3597 1360 3672 dein
1396 3598 1436 3671 in
1473 3619 1612 3690 aquam

411 3725 586 3816 frigidam
623 3725 801 3798 immersa
834 3747 902 3817 per
934 3725 1049 3798 horas
1089 3726 1112 3798 1
1143 3726 1321 3799 continuo
1350 3725 1525 3817 agitando
1563 3726 1612 3799 ad

416 3852 489 3924 15Ο
510 3851 760 3943 refrigeretur,
790 3856 874 3925 tum
901 3852 999 3925 filtro
1028 3851 1128 3925 sicco
1148 3852 1316 3926 filtretur.
1362 3852 1536 3945 Liquoris
1555 3852 1612 3925 fil-

411 3978 497 4050 trati
516 3978 734 4052 centimetra
762 3980 939 4053 cubica5
974 3980 1023 4054 ad
1056 4001 1249 4054 summum
1281 3981 1474 4074 requirant
1501 3982 1612 4054 centi-

412 4108 533 4179 metra
552 4106 684 4179 cubica
702 4107 729 4179 4
748 4107 973 4197 ammoniae,
994 4112 1038 4180 ut
1050 4107 1303 4184 sedimentum
1317 4108 1438 4201 primo
1458 4113 1611 4182 enatum

413 4253 546 4306 rursus
567 4254 612 4305 ex
631 4232 776 4324 integro
796 4231 972 4307 solvatur.

523 4357 701 4431 Gramma
735 4359 885 4433 Chinini
912 4360 1080 4434 sulfurici
1109 4361 1233 4434 calore
1266 4362 1366 4435 1000
1407 4362 1535 4435 siccati
1562 4384 1610 4435 ne

414 4487 499 4580 plus
520 4507 635 4578 quam
655 4487 962 4578 centigrammata
985 4486 1032 4560 15
1053 4486 1198 4578 perdat.

522 4612 566 4686 In
585 4612 725 4685 lamina
744 4613 908 4704 platinea
927 4615 1009 4687 sine
1029 4613 1182 4687 residuo
1203 4616 1409 4688 combinat.
