3725 5400
732 476 969 549 -191-

508 688 824 860 dossypiun
863 688 1193 859 depuratum.

363 927 519 1001 Generis
546 925 714 1023 Gossppii
742 928 887 1021 species
915 933 959 1001 ut
988 926 1200 1025 Gossppium
1224 926 1451 1003 Borbodcnse

254 1060 291 1128 et
315 1053 526 1151 Gossypium
545 1053 750 1127 herbaceum
768 1056 818 1147 L.‚
838 1056 988 1148 plantae
1003 1054 1042 1127 in
1060 1055 1277 1147 regionibus
1296 1056 1451 1152 tropicis

254 1186 291 1255 et
309 1181 547 1255 calidioribus
567 1182 644 1255 iere
659 1182 799 1274 ubique
819 1183 950 1255 cultae.

360 1308 428 1382 Pili
460 1308 607 1382 semina
637 1309 838 1383 induentes
871 1309 1040 1383 coctione
1068 1310 1108 1382 in
1133 1310 1320 1385 solutione
1339 1311 1449 1385 natrii

254 1435 441 1510 carbonici
460 1440 497 1508 et
514 1434 653 1509 lotione
673 1436 712 1508 in
731 1457 832 1529 aqua
849 1436 1033 1528 purificati
1053 1441 1090 1509 et
1109 1437 1244 1512 siccati.

361 1565 489 1640 Massa
506 1565 745 1639 filamentosa
763 1565 966 1655 albissima,
987 1567 1188 1655 levissima,
1205 1567 1451 1660 aequabiliter

253 1694 485 1783 mollissima,
506 1693 634 1767 odoris
654 1692 876 1786 saporisque
897 1715 1041 1787 expers.

362 1820 607 1914 Microscopio
633 1820 823 1914 explorata
852 1820 950 1893 sistit
977 1822 1130 1895 cellulas
1155 1821 1343 1915 simplices
1366 1842 1449 1915 per·

256 1947 391 2040 longas
439 1946 483 2045 (c.
532 1949 554 2021 3
599 1947 842 2039 centimetra),
892 1949 1078 2042 collapsas
1125 1954 1162 2022 et
1208 1969 1450 2042 compressas

254 2075 554 2163 taeniaeiormes,
589 2076 811 2168 plerumque
849 2079 1053 2163 contortas,
1092 2076 1295 2149 instructas
1332 2097 1449 2149 mem·

254 2202 374 2274 brana
392 2202 494 2275 tenui
524 2202 709 2291 decolore,
735 2222 831 2294 quae
856 2201 1043 2276 solutione
1068 2201 1161 2275 zinci
1180 2201 1337 2275 chlorati
1360 2223 1447 2276 cum

252 2328 341 2401 iodo
362 2330 578 2403 humectata
595 2329 703 2403 valde
722 2334 940 2402 tumescens
956 2330 1120 2402 colorem
1140 2330 1354 2403 caeruleum
1384 2335 1450 2403 aut

254 2455 460 2529 violaceum
477 2455 619 2549 accipit,
636 2456 822 2529 solutione
838 2455 1269 2549 cuprooxydammoniae
1284 2457 1447 2550 primum

256 2584 428 2656 tumescit
446 2583 570 2657 colore
590 2584 773 2671 caeruleo,
792 2589 872 2656 tum
892 2589 1019 2657 autem
1038 2583 1110 2657 cito
1130 2583 1295 2657 solvitur.

362 2711 468 2786 Mers
498 2734 597 2805 aqua
635 2711 779 2786 adiecta
817 2733 901 2785 eam
939 2712 1065 2786 statim
1102 2712 1257 2785 imbibat
1290 2717 1326 2786 et
1358 2712 1448 2785 sub·

251 2843 405 2931 mergat

359 2965 489 3039 Partes
505 2967 580 3038 100
592 2965 766 3059 Gossypii
777 2964 948 3058 depurati
959 2965 1179 3038 combustae
1195 2965 1244 3037 ad
1254 2985 1447 3039 summum

252 3098 398 3186 partem
419 3093 610 3166 dimidiam
630 3092 764 3166 cineris
784 3092 1006 3185 relinquant

359 3219 452 3294 Pars
490 3222 506 3293 1
544 3220 718 3313 Gossypii
751 3219 921 3312 depurati
950 3241 1037 3292 cum
1065 3219 1234 3312 partibus
1255 3218 1306 3292 00
1326 3240 1448 3313 aquae

252 3351 358 3420 cocta
384 3348 569 3441 liquorem
597 3348 787 3442 praebeat,
818 3346 882 3440 qui
901 3347 1071 3420 chartam
1090 3346 1379 3438 exploratoriam
1398 3369 1449 3421 ne

252 3478 381 3562 mutet,
415 3496 539 3569 neque
572 3477 690 3568 baryo
720 3473 864 3562 nitrico,
898 3494 970 3547 nec
1003 3478 1159 3565 argento
1188 3472 1332 3562 uitrico,
1376 3495 1449 3548 nec

253 3602 443 3674 ammonio
463 3602 605 3676 oxalico
626 3603 750 3675 soluto
769 3601 843 3674 nisi
861 3601 1120 3693 oparescenter
1138 3600 1263 3673 turbet
1311 3657 1318 3674 .

362 3728 473 3802 Color
505 3730 630 3817 ruber,
668 3729 733 3821 qui
761 3728 878 3801 oritur
905 3727 945 3800 in
978 3726 1205 3800 centimetris
1231 3727 1374 3801 cubicis
1396 3728 1447 3801 00

252 3856 366 3929 huius
399 3856 554 3948 liquoris
588 3856 741 3929 adiectis
775 3855 888 3948 guttis
926 3853 1118 3926 nonnullis
1152 3853 1247 3927 acidi
1280 3855 1448 3929 sulfurici

252 4005 435 4057 unacum
454 3984 566 4075 guttis
589 3984 611 4056 3
632 3982 717 4054 kalii
736 3980 1067 4074 hypermanganici
1087 3981 1199 4053 soluti
1229 3977 1449 4079 (1:1000)

252 4133 300 4184 ne
321 4115 521 4184 evanescat
545 4109 584 4183 in
603 4109 734 4203 paucis
754 4108 918 4181 minutis.

361 4238 522 4310 Aethere
543 4241 750 4310 extractum
769 4235 998 4328 Gossypium
1023 4234 1248 4328 depuratum
1271 4256 1319 4308 ne
1339 4236 1449 4309 relin-

254 4369 345 4457 quat
364 4364 516 4437 aethere
536 4363 684 4437 avolato
703 4362 776 4435 nisi
794 4362 995 4453 vestigium
1013 4361 1164 4433 residui.

360 4491 413 4564 Ne
441 4491 680 4583 dispensetur
704 4489 931 4582 Gossypium
960 4489 1187 4582 depuratum
1210 4489 1283 4562 nisi
1307 4488 1447 4563 sterile·

253 4621 392 4693 iactum
412 4620 451 4691 in
480 4618 602 4711 capsis
623 4619 762 4709 optime
784 4616 978 4705 obturatis
1000 4616 1077 4688 aed
1095 4616 1295 4708 imperviis.
