3725 5400
734 510 945 581 ..61-

615 724 823 860 'Bulbus
843 724 1054 859 Scillae.

355 977 509 1076 Urqinea
523 983 705 1054 maritimo
719 981 866 1073 Baker,
886 982 1017 1075 planta
1029 982 1192 1056 bulbosa
1210 982 1250 1056 in
1267 982 1438 1056 litoribus

241 1105 414 1199 Europae
434 1108 731 1182 mediterraneae
749 1109 942 1202 frequens.

351 1233 517 1308 Tunicae
536 1235 642 1308 bulbi
658 1236 819 1310 recentis
835 1241 1018 1311 autumno
1035 1238 1178 1311 collecti
1196 1236 1439 1311 intermediae

242 1361 377 1455 pallide
419 1361 671 1454 rubiginosae,
718 1384 912 1453 carnosae,
960 1364 1439 1457 viscoso·mucilaginosae,

242 1488 387 1563 reiectis
417 1489 562 1563 extimis
601 1490 714 1564 aridis
743 1492 960 1581 chartaceis
980 1491 1230 1565 rubro-fuscis
1256 1512 1377 1584 aeque
1396 1511 1440 1564 ac

241 1616 397 1689 internis
415 1617 626 1709 placentam
651 1618 901 1692 ambientibus
931 1619 1116 1709 concisae,
1131 1618 1263 1693 sedulo
1279 1620 1440 1692 siccatae

244 1743 489 1833 subcomeae,
526 1744 689 1836 fragiles
728 1744 953 1839 diaphanae,
998 1745 1243 1835 rubicundae,
1290 1746 1440 1837 saporis

244 1871 434 1962 nauseosi,
448 1871 721 1963 mucilaginosi,
743 1872 838 1945 acris
861 1876 897 1945 et
916 1872 1112 1963 peramari.

354 1998 555 2072 Serventur
582 1998 623 2072 in
650 2000 752 2072 vasis
773 2003 901 2073 exacte
930 2000 1069 2073 clausis
1099 2005 1136 2073 et
1163 2000 1285 2093 pulvis
1305 2000 1440 2075 coloris

243 2125 343 2198 rosei
376 2129 441 2198 aut
473 2126 673 2200 subcamei
701 2148 749 2200 ne
775 2127 847 2200 nisi
881 2128 1014 2218 exigua
1047 2127 1253 2220 quantitate
1286 2132 1441 2220 paratus

243 2257 397 2345 prostet

354 2378 434 2473 Ope
449 2378 685 2472 microscopii
700 2382 935 2454 examinatus
946 2380 1045 2454 sistit
1057 2382 1279 2475 praesertim
1288 2382 1441 2456 cellulas

246 2511 305 2579 sat
349 2509 493 2601 amplas
527 2509 843 2601 merenchymatis
878 2509 1047 2583 obsolete
1081 2509 1292 2602 polyedras,
1326 2531 1442 2582 mem·

245 2635 365 2709 brana
392 2635 496 2709 tenui
523 2637 735 2726 instructas,
763 2657 931 2710 massam
956 2637 1190 2731 amorpham,
1220 2637 1260 2710 in
1279 2658 1379 2730 aqua
1397 2659 1443 2711 ex

242 2768 321 2837 toto
359 2763 436 2837 fere
474 2764 682 2853 solubilem,
729 2765 898 2856 singulas
946 2769 1011 2838 aut
1033 2757 1287 2858 'pigmentum
1318 2764 1443 2838 fusco·

243 2891 411 2980 rubrum,
456 2890 642 2964 solutione
680 2891 834 2965 chlorali
880 2892 1028 2986 hydrati
1065 2892 1189 2965 colore
1232 2891 1442 2982 sanguineo

188 3073 191 3080 ί
244 3018 402 3092 solubile
423 3021 489 3092 aut
507 3019 722 3111 crystallum
742 3019 950 3093 solitariam
977 3040 1102 3112 usque
1124 3019 1171 3092 ad
1190 3018 1444 3092 millimetrum

244 3145 397 3238 longam
411 3150 476 3218 aut
489 3145 666 3236 raphides
682 3146 788 3218 calcii
803 3146 935 3220 oxalici
950 3147 1171 3238 mucilagine
1191 3146 1442 3219 circumdatas

243 3272 489 3346 includentes.
534 3271 704 3364 Crystalli
733 3295 863 3346 earum
891 3273 1095 3346 aciculares
1119 3292 1347 3346 numerosae
1372 3293 1442 3344 un·

246 3393 357 3492 dique
393 3401 432 3474 in
474 3400 625 3493 pulvere
660 3400 920 3489 observantur,
953 3422 1033 3474 non
1064 3422 1151 3474 raro
1180 3400 1292 3473 etiam
1314 3404 1442 3493 partes

243 3527 484 3619 'epidermidis
509 3549 528 3600 e
553 3527 695 3600 cellulis
723 3527 928 3621 polygonis,
958 3548 1071 3621 saepe
1096 3549 1182 3601 cum
1205 3527 1442 3618 stomatibus,

244 3674 408 3727 necnon
426 3655 636 3746 fragmenta
664 3676 843 3727 vasorum
872 3654 1076 3747 spiralium
1108 3654 1241 3748 Amylo
1266 3674 1336 3728 nec
1364 3675 1443 3728 non

244 3780 328 3873 pilis
348 3781 471 3873 pulvis
492 3802 538 3854 ex
550 3786 629 3855 toto
649 3787 761 3854 caret.

353 3908 484 3983 Partes
521 3910 596 3981 100
625 3910 760 3981 mercis
799 3930 846 3982 ne
884 3909 1010 3981 minus
1050 3891 1166 4002 quam
1198 3910 1250 3982 46
1289 3910 1443 3983 extracti

245 4035 437 4127 spirituosi
455 4035 679 4128 praebeant;
701 4035 833 4109 eadem
853 4037 1043 4128 quantitas
1072 4036 1271 4110 combusta
1288 4056 1337 4110 ne
1356 4035 1442 4127 plus

246 4185 360 4256 quam
379 4168 507 4257 partes
528 4164 552 4236 8
573 4164 708 4237 cineris
728 4185 748 4236 e
767 4164 875 4237 fusco
897 4165 1008 4255 grisei
1025 4164 1223 4256 relinquat
