3725 5400
721 481 957 554 -117-

398 693 717 830 [000000
754 695 1026 832 cenanti
1061 695 1298 833 minoris,

242 912 319 1008 Rp:
357 917 487 989 llerbae
507 917 679 989 00010011
695 918 833 990 minoris
852 938 897 1009 (0)
1183 925 1307 1015 portes
1385 920 1444 993 10.

316 1042 474 1116 Iniunde
494 1064 582 1116 cum

351 1174 464 1263 Aquae
485 1173 679 1245 ebullientis
1052 1208 1059 1226 ·
1140 1170 1308 1269 partibus
1382 1173 1445 1248 50.

319 1296 468 1390 Sepone
501 1298 652 1392 saepius
686 1299 862 1392 agitando
896 1320 964 1393 per
995 1300 1111 1374 horas
1142 1300 1165 1373 6
1196 1306 1233 1375 et
1266 1300 1442 1394 exprime.
1488 1317 1492 1323 ’

248 1424 537 1499 Remanentiam
555 1425 704 1519 aequali
721 1425 835 1501 modo
854 1431 975 1501 tracta
994 1448 1081 1501 cum

352 1556 465 1645 Aquae
485 1555 679 1626 ebullientis
1135 1551 1305 1652 partibus
1380 1555 1445 1629 00.

318 1679 501 1774 Liquores
539 1680 717 1753 collectos
752 1681 834 1754 cola
866 1685 904 1755 et
940 1681 980 1754 in
1029 1681 1165 1755 balneo
1199 1702 1319 1776 aquae
1362 1703 1446 1756 eva·

245 1827 341 1899 pora
358 1807 406 1880 00
425 1807 620 1881 residuum
1150 1811 1313 1906 partium
1386 1808 1448 1883 00.

318 1931 561 2026 Refrigeratis
580 1932 746 2007 admisce

382 2063 623 2153 sumturum
1182 2068 1308 2159 partes
1386 2064 1446 2137 10.
1592 2078 1595 2081 ’

321 2187 470 2282 Sepone
489 2209 558 2283 per
578 2188 630 2262 ub
649 2187 764 2262 horas
782 2188 822 2262 in
840 2189 923 2263 loco
942 2188 1090 2282 frigido,
1108 2189 1209 2264 filtra
1227 2195 1264 2265 et
1282 2211 1447 2284 evapora

250 2314 299 2387 ad
319 2315 605 2391 consistentiam
625 2317 778 2391 extracti
797 2316 919 2410 spissi

357 2443 411 2516 Sit
429 2443 648 2518 Extractum
667 2444 802 2518 coloris
830 2445 937 2534 fusci,
972 2444 1118 2538 saporis
1137 2444 1340 2538 peremeri3
1369 2446 1445 2519 iere

246 2569 398 2664 limpide
419 2571 587 2644 solvatur
605 2571 644 2644 in
662 2592 771 2664 aqua

357 2697 584 2774 Centimetra
611 2699 744 2776 cubica
772 2702 820 2774 10
854 2700 1051 2776 solutionis
1080 2699 1243 2774 Extracti
1276 2720 1445 2793 aquosae

250 2827 286 2922 (1
304 2857 352 2891 =
370 2825 433 2923 10)
453 2827 612 2901 filtratae
631 2849 680 2901 ne
700 2829 826 2902 statim
845 2829 1044 2902 turbentur
1063 2827 1199 2902 additis
1219 2828 1445 2901 centimetlis

248 2952 388 3026 cubicis
408 2953 432 3027 5
452 2954 603 3047 spiritus
622 2953 708 3028 vini.

561 3205 876 3340 10100100
912 3204 1126 3339 bibinae.

439 3431 687 3511 Extractnm
710 3430 862 3512 Chinae
884 3431 1030 3536 frigide
1052 3433 1252 3535 paratum.

248 3608 332 3703 Rp:
361 3611 499 3682 corticis
520 3610 642 3681 tunae
662 3628 718 3698 (ru)
1181 3612 1307 3703 partes
1384 3606 1444 3679 10.

322 3736 507 3810 Humecta
525 3735 721 3829 pulverem
740 3755 826 3808 cum
1535 3725 1540 3734 '

357 3869 471 3956 Aquae
1236 3883 1268 3955 q.
1285 3883 1314 3932 e.

323 3989 414 4082 quin
433 3990 693 4083 conglobetur;
714 4009 866 4062 macera
884 4009 953 4082 per
971 3987 1090 4062 horas
1119 3990 1159 4077 3;
1179 3993 1261 4062 tum
1279 4007 1449 4061 massam

248 4116 376 4209 ingere
395 4117 434 4189 in
456 4119 680 4210 apparatum
699 4114 957 4208 depulsorium
977 4119 1015 4188 et
1037 4113 1307 4208 supereffumde

355 4248 469 4336 Aquae
1228 4263 1260 4337 q.
1279 4262 1308 4313 s.

319 4370 467 4466 illapsis
496 4370 599 4443 horis
634 4370 686 4443 48
712 4369 952 4462 sepositionis
987 4369 1048 4444 iac
1076 4374 1118 4442 ut
1149 4369 1273 4463 liquor
1305 4369 1450 4444 defluat

175 4541 190 4568 .
247 4521 371 4595 usque
391 4500 440 4574 ad
460 4497 705 4592 quantitatem
1143 4496 1308 4592 partium
1357 4499 1444 4571 100.

318 4627 520 4722 liquorem
558 4644 722 4717 evapora
748 4624 788 4697 in
816 4624 952 4697 balneo
990 4645 1112 4718 aquae
1150 4624 1200 4698 00
1233 4625 1446 4699 siccitatem.
