3725 5400
728 479 944 583 -ra-

349 690 621 773 Oentirnetrurn
647 693 822 772 cubicum
848 695 959 769 Acidi
985 695 1106 771 lactici
1139 697 1178 771 in
1206 697 1433 772 centimetris

240 820 381 899 cubicis
391 822 443 898 20
459 844 582 917 equae
601 822 767 897 solutum
785 823 914 898 addita
926 827 1032 915 gutta
1044 823 1134 900 ferri
1146 824 1434 917 sesquichlornti

240 950 353 1026 soluti
371 951 535 1025 colorem
553 952 695 1025 flavum
715 950 858 1044 accipit

347 1077 508 1153 Aridum
524 1078 702 1152 ieeticnm
722 1078 857 1153 leniter
889 1078 1110 1153 calefectrim
1142 1079 1251 1153 acide
1281 1078 1434 1172 pinguia

239 1226 292 1281 ne
307 1205 486 1295 redoleat,
503 1226 628 1298 neque
646 1204 838 1280 volumine
856 1205 1005 1299 aequali
1032 1207 1129 1280 acidi
1161 1206 1328 1281 suliurici
1345 1228 1435 1283 con·

239 1334 396 1409 centreti
433 1333 678 1427 superfusum
713 1333 811 1407 inter
843 1333 991 1408 minuta
1031 1336 1080 1410 15
1118 1334 1236 1408 ullum
1270 1334 1434 1409 colorem

238 1458 403 1554 recipiet.

349 1587 444 1662 Cum
461 1588 630 1682 partibus
649 1609 773 1682 aquae
795 1589 847 1662 10
864 1587 1024 1662 dibunrn
1038 1609 1109 1662 nec
1124 1608 1225 1680 equa
1236 1586 1435 1681 hybromi-

239 1714 373 1806 fureta,
391 1736 462 1790 nec
480 1716 733 1791 solutionibus
765 1715 872 1808 buryi
903 1715 1034 1804 uitrici,
1054 1714 1197 1808 argenti
1226 1714 1352 1788 uitrici
1370 1719 1435 1788 aut

240 1842 420 1918 ammonii
458 1842 590 1916 oxeiici
625 1844 808 1931 turbetur,
842 1864 914 1918 nec
948 1864 1063 1937 equa.
1076 1842 1188 1917 calcis
1217 1842 1434 1915 abundante

239 1971 300 2044 vel
319 1970 540 2044 calefactum
558 1974 678 2045 mutet
725 2025 734 2044 .

350 2096 574 2171 Centimetre
591 2097 725 2172 cubica
742 2097 767 2171 t
788 2095 953 2173 eetireris
969 2095 1186 2173 instillendo
1214 2094 1435 2170 centimetro

243 2224 373 2299 cubico
392 2222 501 2299 Aridi
519 2224 642 2299 lactici
658 2246 707 2298 ne
725 2224 934 2298 turbentur.
1499 2308 1503 2317 ¹

351 2351 697 2444 Decigremmetab
724 2350 831 2426 Aridi
863 2350 985 2427 leutici
1015 2350 1214 2427 combusta
1240 2350 1434 2425 residuum

241 2479 484 2573 ponderabile
503 2501 552 2554 ne
571 2480 793 2572 relinquent

366 2947 592 3087 Acidrn
618 2946 868 3083 nitricrn
900 2953 1314 3083 cercertretnn.

348 3244 489 3339 Liquor
520 3243 698 3337 limpidus
727 3245 890 3332 decolor,
918 3243 1032 3336 plene
1049 3240 1223 3331 volatilis
1252 3237 1433 3334 ponderis

240 3373 404 3468 specifici
441 3374 543 3462 1·30‚
578 3393 736 3464 cuprum
767 3370 994 3446 metallicum
1025 3369 1230 3462 vaporibus
1269 3389 1289 3442 e
1321 3367 1433 3440 fusco

238 3501 359 3576 rutilis
379 3499 528 3574 emissis
549 3499 668 3573 solvit

349 3628 491 3703 Solutio
525 3648 670 3721 aquosa
700 3626 807 3701 Acidi
842 3625 964 3701 nitrici
983 3622 1213 3698 concentreti
1241 3621 1434 3713 (1:10)

239 3777 418 3850 neceque
432 3755 749 3848 hydresulfurttn,
763 3775 835 3830 nee
849 3750 1290 3828 emmonieneutreiisata
1304 3747 1433 3821 addito

239 3883 429 3959 ammonio
450 3883 647 3972 sulfuretO,
668 3903 738 3956 nec
762 3880 948 3954 solutione
968 3878 1113 3972 argenti
1130 3876 1250 3951 nitrici
1269 3879 1433 3949 mutetur

238 4033 364 4107 neque
383 4012 570 4086 solutione
588 4008 693 4102 bnryi
725 4007 845 4082 uitrici
863 4007 958 4080 inter
978 4006 1002 4080 5
1020 4005 1167 4079 minuta
1188 4003 1262 4077 nisi
1284 4002 1431 4095 opales·

240 4146 366 4215 center
384 4137 563 4212 turbetur.

347 4265 507 4340 Acidum
526 4287 613 4340 curn
633 4263 827 4358 quintuplo
845 4260 1036 4337 volumine
1064 4279 1185 4352 aquae
1219 4256 1376 4330 dilutum
1396 4260 1434 4328 et

238 4417 325 4471 cnm
360 4395 473 4488 guttis
509 4393 699 4468 nonnullis
728 4388 982 4464 chloroionnii
1015 4389 1310 4479 conquassatum
1343 4381 1431 4455 huic

237 4544 286 4598 ne
325 4522 471 4597 adiecto
511 4520 662 4614 quidem
700 4518 857 4612 granulo
895 4516 990 4590 zinci
1028 4513 1190 4588 colorem
1222 4511 1432 4584 violaceum

237 4651 387 4725 tribuet.
