3725 5400
708 435 951 508 -303—

230 650 270 722 in
294 653 461 743 granulis
491 651 710 746 compositis
738 653 814 726 feto
849 653 997 727 utriculi
1023 654 1214 747 pigmento
1244 652 1427 748 amorpbo

231 777 341 870 davo,
368 779 407 852 in
432 801 531 873 aqua
550 779 701 852 solubili
724 780 855 873 repleti
875 779 1137 853 observantur.
1185 779 1428 853 Membranae

230 904 400 997 lignosae
428 906 525 981 telae
553 906 705 979 Radicis
736 906 844 980 acido
869 906 1048 980 sulfurico
1079 907 1244 980 colorem
1271 906 1428 981 viridem

230 1031 291 1105 vel
309 1034 523 1107 caemleum
541 1033 713 1107 induunt.

339 1159 384 1233 ln
416 1162 583 1235 sectione
610 1159 766 1234 Radiois
794 1159 1031 1253 Hydrastidis
1072 1160 1289 1234 humectata
1325 1167 1429 1253 gutta

233 1286 330 1360 acidi
361 1287 483 1362 uitrici
523 1292 588 1361 aut
624 1286 794 1361 sulfurici
832 1308 1060 1362 numerosae
1099 1287 1263 1379 crystalli
1307 1288 1427 1362 llavae

232 1412 436 1489 aniculares
456 1414 638 1488 oriuntur.

341 1541 482 1634 Liquor
513 1541 645 1632 flavus,
680 1542 857 1616 obtentus
886 1540 1140 1615 maceratione
1172 1541 1309 1616 mercis
1343 1563 1429 1618 curn

234 1688 334 1760 aqua
351 1667 486 1760 frigida
505 1667 709 1764 (1:100),
731 1667 866 1742 additis
885 1668 1000 1760 guttis
1018 1668 1210 1741 nonnullis
1230 1669 1428 1742 solutionis

233 1793 309 1867 iodi
350 1793 604 1868 sedimentum
637 1795 894 1888 crystallinum
933 1793 1207 1869 viride-ssavum
1246 1795 1428 1886 exhibeat,

234 1921 338 2015 quod
356 1922 598 1995 fervefactum
618 1923 783 1996 colorem
801 1923 952 2015 nigrum
972 1922 1137 2016 accipiat

342 2047 473 2123 Partes
496 2051 572 2124 loo
592 2050 727 2123 mercis
746 2071 795 2123 ne
810 2050 1198 2142 minusquampartes
1214 2050 1263 2121 18
1276 2051 1428 2122 extracti

234 2174 426 2267 spirituosi
458 2176 633 2249 efficiant.
673 2176 815 2250 Eadem
843 2176 1034 2270 quantitas
1063 2176 1199 2250 mercis
1229 2178 1430 2250 combusta

232 2322 281 2374 ne
300 2303 386 2396 plus
407 2324 521 2396 quam
538 2309 665 2397 partes
686 2305 709 2376 6
731 2303 867 2378 cineris
886 2303 1083 2396 relinquat.

334 2519 631 2632 nanta
666 2521 1342 2656 Ipeoaouannae.

353 2684 514 2784 Urupopo
542 2683 781 2783 incramenta
808 2686 994 2777 Baillon,
1023 2686 1152 2781 planta
1179 2685 1356 2781 perennis
1392 2685 1432 2758 in

238 2811 341 2886 silvis
369 2814 534 2888 humidis
553 2814 748 2888 Americae
776 2813 1044 2903 meridionalis,
1064 2814 1234 2908 inprimis
1254 2812 1431 2887 Brasiliae

237 2945 457 3032 spontanea
1125 2960 1131 2968 ’

345 3066 519 3157 Radices,
549 3089 569 3141 e
601 3068 809 3143 rhizomate
837 3068 942 3142 tenui
968 3067 1118 3142 nodoso
1142 3072 1295 3162 repente
1330 3072 1433 3142 ortae

238 3193 398 3268 siccatae
426 3194 593 3288 integrae
621 3195 825 3283 flexuosae,
855 3195 903 3268 ad
928 3194 1179 3270 extremitates
1209 3200 1432 3282 attenuatae,

237 3321 459 3416 plerumque
498 3328 624 3397 autem
660 3323 699 3396 in
736 3323 957 3415 fragmentis
1000 3322 1126 3416 quoad
1163 3321 1433 3414 longitudinem

236 3447 509 3542 inaequalibus,
552 3452 657 3523 4-5
697 3449 909 3523 millimetra
960 3450 1110 3539 crassis,
1162 3449 1202 3522 in
1234 3449 1433 3542 superficie

239 3577 592 3650 annulatonodosis
613 3578 725 3651 nodis
747 3577 1015 3670 approximatis
1031 3582 1068 3651 et
1081 3599 1150 3670 per
1162 3575 1434 3669 longitudinem

240 3703 394 3777 delicate
429 3705 580 3794 striatiS,
615 3704 750 3779 coloris
769 3680 1004 3798 ⁸plemmque
1038 3704 1288 3796 griseo-tusci,
1320 3723 1433 3796 saepe

238 3830 589 3921 nigrescentifusci,
603 3831 737 3903 cortice
749 3824 883 3904 crasso*
895 3830 1013 3923 fragili
1030 3830 1195 3903 fractura
1211 3830 1434 3914 subcornea‚

238 3957 411 4031 facillime
430 3959 630 4053 separabili
645 3980 668 4031 a
681 3958 782 4049 ligno
802 3962 917 4031 terete
932 3957 1065 4030 tenaci.
1090 3955 1226 4030 Odoris
1242 3959 1300 4028 est
1313 3955 1434 4027 Radix

241 4083 373 4157 debilis
392 4086 584 4174 nauseosi,
606 4084 753 4178 saporis
773 4084 967 4173 nauseosi,
989 4084 1117 4172 amari,
1140 4081 1323 4156 subacris.

348 4210 391 4284 In
407 4213 573 4285 sectione
588 4217 805 4285 transversa
820 4218 977 4305 apparet
995 4216 1122 4285 cortex
1137 4208 1433 4301 albino-griseus,

240 4337 433 4411 latitudine
463 4359 631 4430 aequans
662 4342 726 4410 aut
754 4358 940 4430 superans
967 4337 1111 4429 lignum
1136 4337 1297 4411 caribde
1335 4357 1436 4407 corn·

241 4470 393 4558 pactum
413 4464 707 4553 subflavescens,
726 4464 830 4537 haud
850 4464 1046 4537 manifeste
1061 4462 1233 4535 radiatim
1247 4462 1436 4547 lineatum,

243 4592 485 4666 subtilissime
504 4612 699 4686 porosum.
