3725 5400
704 469 943 543 -uul-

424 686 636 820 Kaliun
664 683 1221 856 hypcrnanganicurn.

335 906 506 999 Crystalli
559 906 797 1001 prismaticae
867 905 1003 979 coloris
1058 906 1206 979 intense
1252 905 1418 996 violacei,

226 1034 407 1110 metallice
436 1034 691 1128 splendentes
721 1033 869 1126 saporis
897 1055 1033 1126 parurn
1065 1032 1343 1126 adstringentis
1382 1033 1421 1107 in

227 1183 348 1256 aquae
366 1161 521 1254 frigidae
541 1160 710 1255 partibus
734 1162 782 1234 lo
803 1161 948 1237 circiter
966 1161 1155 1235 solubiles

337 1288 479 1363 Solutio
500 1309 646 1381 aquosa
664 1286 864 1362 reactionis
882 1286 1064 1376 neutrius
1092 1288 1227 1361 coloris
1250 1309 1270 1362 e
1295 1309 1422 1364 caeru·

226 1417 286 1492 leo
315 1415 418 1489 rubri
445 1415 557 1489 variis
587 1414 807 1489 substantiis
836 1421 874 1489 et
899 1414 1143 1488 mineralibus
1172 1419 1209 1487 et
1236 1415 1422 1507 organicis

227 1542 454 1634 oxygonium
487 1541 747 1635 appetentibus
777 1541 1074 1635 decomponitur‚
1112 1541 1200 1614 hinc
1234 1542 1421 1616 solutione

225 1669 313 1744 ferri
336 1667 503 1744 sulfurici
526 1669 586 1743 vel
611 1668 719 1742 acido
739 1668 897 1759 oxalic0,
926 1667 1072 1742 adiecto
1098 1668 1205 1742 acido
1239 1670 1419 1743 sulfurico

228 1797 344 1871 diluto
379 1796 625 1870 decoloratur.
657 1796 761 1870 Kalio
790 1795 1077 1890 hydrooxydato
1111 1796 1290 1870 calefacta
1318 1797 1423 1870 color

227 1924 425 1999 solutionis
450 1923 489 1998 in
508 1923 664 1997 viridem
683 1928 858 1997 mutatur.

336 2050 513 2126 Gramma
568 2050 762 2126 dimidium
808 2050 902 2125 Kaiii
956 2050 1288 2146 hypermanganici
1333 2073 1421 2126 cum

109 2152 115 2168 ’
228 2178 406 2270 grammis
436 2178 459 2251 b
498 2178 651 2271 spiritus
682 2178 759 2251 vini
792 2183 829 2252 et
862 2178 912 2252 25
947 2200 1067 2273 aquae
1101 2177 1150 2252 ad
1170 2177 1423 2253 ebullitionem

228 2306 472 2380 fervefactum
512 2306 692 2380 filtratum
730 2305 883 2380 decolor
918 2306 1108 2400 praebeat,
1153 2305 1268 2400 quod,
1313 2306 1421 2380 acido

229 2432 359 2507 nitrioo
398 2431 637 2520 acidulatum‚
674 2433 791 2523 baryo
819 2431 951 2505 nitrico
988 2433 1047 2505 vel
1086 2437 1241 2525 argento
1288 2432 1419 2507 uitrico

227 2558 491 2633 tantummodo
511 2560 711 2653 opalescat

337 2685 480 2761 Solutio
509 2708 530 2760 e
558 2690 764 2779 grammate
793 2686 946 2760 dimidio
975 2686 1068 2760 Kalii
1092 2687 1423 2781 hypermanganici

229 2821 267 2890 et
292 2816 471 2907 grammis
501 2817 524 2889 5
554 2836 676 2908 aquae
703 2814 868 2889 fervidae
896 2821 1029 2909 parata
1056 2820 1093 2890 et
1120 2815 1265 2889 sensim
1287 2815 1420 2888 addito

229 2942 336 3016 acido
390 2942 534 3016 oxalico
582 2941 797 3016 decolorata
841 2943 1020 3016 filtratum
1066 2942 1255 3036 praebeat
1318 2942 1421 3034 quod

229 3067 336 3143 acido
365 3068 544 3142 sulfurico
575 3073 816 3142 concentrato
845 3074 882 3143 et
914 3069 1102 3143 solutione
1134 3068 1222 3142 ferri
1254 3068 1422 3141 sulfurici

229 3194 364 3270 additis
388 3216 524 3269 zonam
541 3196 820 3270 rubro-fuscam
839 3218 887 3270 ne
907 3196 1088 3270 exhibeat

338 3322 514 3397 Servetur
531 3323 675 3396 invase
696 3323 833 3416 optime
854 3325 984 3397 clauso
1003 3324 1077 3397 luci
1094 3322 1286 3417 impervio.

580 3647 792 3780 Koliurn
819 3646 1069 3782 iolaturn.

339 3841 523 3959 Crystalli⁰
555 3868 707 3942 cubicae
742 3868 948 3958 decolores
982 3869 1022 3943 in
1054 3877 1140 3944 aere
1159 3867 1422 3956 immutabiles

229 3993 377 4087 saporis
415 3994 524 4068 salini
561 3994 706 4086 ingrati,
744 3996 784 4069 in
820 3997 990 4090 partibus
1019 3996 1110 4070 075
1140 4018 1272 4089 aquae,
1302 3996 1341 4069 in
1374 3996 1423 4068 10

231 4121 374 4195 circiter
400 4121 553 4216 spiritus
580 4121 656 4195 vini
675 4122 864 4197 solubiles.
896 4123 1039 4198 Solutio
1060 4145 1207 4217 aquosa
1224 4122 1423 4197 reactionis

228 4247 307 4321 fere
348 4248 518 4322 neutrius
548 4270 635 4322 curn
662 4271 778 4343 parva
806 4249 1011 4342 quantitate
1032 4271 1153 4341 aquae
1174 4250 1291 4324 chlori
1309 4248 1424 4322 mixta

229 4374 397 4448 flavescit
429 4380 466 4449 et
498 4376 806 4450 chloroformium
838 4376 1025 4452 adiectum
1058 4376 1277 4470 quassando
1298 4375 1422 4449 colore

228 4500 395 4575 violaceo
410 4501 530 4593 tingit
551 4501 685 4576 eadem
698 4502 761 4575 filo
776 4503 940 4597 platineo
955 4503 1129 4577 flammae
1144 4502 1308 4592 admota,
1324 4502 1423 4575 hanc

231 4629 356 4703 colore
374 4629 541 4704 violaceo
560 4629 686 4719 inficit,
707 4652 756 4705 ne
775 4652 864 4705 vero
885 4633 1010 4704 colore
1029 4631 1127 4704 ssavo
1146 4630 1296 4708 inficiat.

1158 4771 1208 4825 ro*
