3725 5400
713 517 927 590 ..37-

223 731 371 806 arctato
404 754 452 805 ne
486 733 702 827 relinquant
728 733 854 808 minus
884 756 998 828 quarn
1030 733 1338 828 centigrammata
1366 738 1414 811 it

222 859 319 933 acidi
337 858 521 951 salicytici.
541 860 681 954 Liquor
707 861 794 935 inde
822 866 973 936 restans
1000 863 1141 952 addua
1160 864 1257 937 kalio
1281 864 1417 958 hydro-

223 987 386 1079 oxydato
411 986 535 1061 soluto
556 994 865 1081 supersaturatus
886 994 1028 1064 etcum
1048 990 1311 1065 chloroforrnio
1332 1013 1419 1066 con·

223 1113 444 1207 quassando
483 1114 703 1205 exhaustuS,
739 1115 1003 1190 chloroformio
1038 1119 1186 1191 avolato
1215 1140 1263 1192 ne
1292 1120 1418 1194 minus

223 1262 339 1335 quam
358 1241 656 1333 milligrammata
677 1243 753 1317 288
774 1242 986 1337 Antipyrini
1003 1245 1199 1338 relinquat

292 1513 1000 1651 Apommwetnum
1048 1516 1358 1651 hydro·

583 1675 1066 1788 chlorionem.

332 1875 543 1970 Crystatluli
565 1877 625 1951 vel
647 1878 770 1971 pulvis
800 1878 1037 1970 crystallinus
1062 1879 1197 1953 coloris
1225 1902 1245 1955 e
1271 1881 1418 1955 cinereo

221 2002 305 2092 athi,
321 2003 361 2076 in
380 2024 480 2098 aqua
499 2009 537 2078 et
554 2004 687 2097 spiritu
702 2005 777 2077 vini
791 2006 971 2095 solubilia
986 2006 1025 2080 in
1044 2006 1195 2081 aethere
1216 2012 1254 2081 et
1273 2008 1417 2082 chloro-

221 2130 355 2204 formio
384 2130 462 2204 tere
491 2130 712 2205 insolubilis.
741 2131 805 2205 Sat
828 2132 970 2206 siccum
998 2133 1075 2207 aeri
1103 2133 1259 2208 humido
1289 2140 1326 2208 et
1343 2135 1416 2209 luci

221 2256 436 2351 expositum
456 2259 620 2332 colorem
639 2259 796 2333 viridem
814 2260 946 2333 induit

331 2384 396 2458 Sai
409 2385 551 2459 siccum
571 2407 642 2459 nec
660 2408 740 2460 non
756 2386 893 2461 solutio
910 2408 1055 2480 aquosa
1070 2387 1150 2462 eius
1166 2387 1274 2463 acido
1288 2388 1419 2463 nitrico

220 2509 369 2585 adiecto
390 2513 554 2586 colorem
574 2513 825 2606 sanguineum
842 2513 967 2587 trahit

329 2638 372 2713 In
395 2639 580 2715 solutione
605 2640 749 2734 argenti
776 2641 894 2715 nitrici
922 2641 1109 2716 solutione
1142 2640 1416 2737 Apomorphini

221 2765 496 2860 hydrochlorici
538 2790 625 2842 curn
662 2768 852 2844 ammonia
897 2770 1014 2842 mixta
1057 2770 1182 2843 statim
1219 2775 1417 2863 argentum

222 2895 450 2968 metallicum
469 2895 702 2989 disiungitur.

333 3022 474 3096 Solutio
514 3044 662 3116 aquosa
695 3023 968 3117 Apomorphini
1004 3022 1280 3115 hydrochlorici
1316 3024 1415 3098 ferro

221 3149 521 3241 sesquichlorato
541 3151 666 3225 soluto
687 3150 852 3224 colorem
872 3150 1175 3242 amethystinum,
1196 3151 1312 3224 mixta
1330 3171 1417 3224 curn

221 3275 320 3349 kalio
353 3275 638 3370 hydrooxydato
671 3278 797 3350 soluto
834 3277 938 3351 brevi
983 3282 1152 3371 tempore
1195 3275 1359 3350 colorem
1398 3299 1418 3351 e

220 3402 328 3477 tusco
347 3403 589 3497 nigricantem
609 3404 754 3498 accipit.

331 3529 473 3604 Salutio
494 3551 650 3624 aquosa,
666 3530 865 3604 reactionis
880 3530 1060 3619 neutrius,
1076 3530 1211 3604 coloris
1225 3530 1336 3624 plane
1352 3534 1418 3602 aut

222 3657 298 3730 fere
321 3678 454 3752 expers
476 3658 552 3731 acri
572 3658 752 3750 exposita,
777 3657 883 3731 citius
902 3658 1001 3731 lente
1022 3657 1201 3731 calefacta
1218 3656 1367 3731 virescit
1381 3662 1418 3729 et

220 3784 450 3858 reactionem
469 3784 666 3857 atcalinarn
684 3783 825 3877 recipit.

332 3910 396 3984 Sal
413 3911 452 3983 in
472 3910 611 3983 lamina
628 3910 793 4004 platinea
811 3910 1013 3984 calefactus
1034 3909 1226 4003 deflagrat,
1261 3910 1416 3985 odorem

220 4037 446 4130 peculiarem
475 4037 720 4111 aromaticum
748 4058 945 4131 spargens,
963 4037 1115 4111 residuo
1144 4037 1247 4110 nutto
1275 4038 1415 4113 relicto,

330 4164 1006 4259 Apomorphinumhydrochloricum,
1026 4164 1127 4258 quod
1143 4185 1229 4239 cum
1248 4167 1416 4258 partibus

226 4291 301 4365 100
332 4312 451 4384 aquae
481 4291 708 4365 solutionem
741 4291 1021 4385 smaragdinam
1054 4291 1214 4382 exhibet,
1248 4293 1414 4366 reiicien·

219 4416 311 4493 dum
332 4422 401 4492 est.

329 4543 470 4618 Aether
489 4567 575 4619 cum
594 4544 880 4638 Apomnrphino
899 4544 1185 4639 hydrochiorico
1211 4546 1309 4619 sicco
1330 4568 1415 4620 con-

221 4676 425 4766 quassatus
460 4693 508 4746 ne
541 4672 704 4746 colorem
737 4672 810 4744 nisi
843 4673 1000 4745 erubro
1025 4673 1227 4765 pallentem
1251 4673 1417 4765 accipiat.
