3725 5400
742 485 951 558 ..77-

550 698 825 835 Clininun
858 699 1143 833 tannicnn.

248 959 322 1053 Rp:
357 960 488 1031 01001οΙ
512 959 669 1030 sullurlcl
1184 961 1309 1051 parto
1390 956 1443 1028 40

357 1087 453 1158 Acldi
472 1086 630 1158 sulfurid
649 1086 751 1157 diluti
1180 1088 1307 1179 partes
1392 1084 1441 1156 67

357 1217 471 1303 Aquae
1186 1216 1308 1305 partes
1330 1209 1445 1284 laco,

323 1338 506 1412 Solutioni
534 1338 692 1412 filtratae
716 1337 894 1412 continuo
932 1336 1109 1429 agitando
1148 1336 1314 1412 admisce
1343 1339 1444 1412 solu·

250 1464 391 1538 tionem
410 1486 456 1539 ex

358 1594 454 1665 Acldl
475 1595 605 1666 tannicl
1144 1589 1309 1688 partilem
1393 1594 1445 1666 80

357 1723 470 1809 10000
1140 1716 1309 1815 partibus
1366 1716 1445 1794 560

323 1852 402 1919 tum
422 1845 650 1919 solutionem
669 1865 714 1917 ex

357 1976 452 2046 Acldl
470 1975 600 2046 tannlcl
1143 1969 1310 2067 partibus
1393 1974 1445 2045 20

357 2103 470 2190 Aquae
1144 2096 1311 2195 partibus
1366 2099 1446 2173 300

358 2230 549 2301 0010100100
1148 2226 1312 2321 portibus
1381 2227 1444 2299 it).

323 2353 471 2444 Elapsis
522 2352 626 2426 horis
681 2351 729 2425 10
772 2351 1054 2445 praecipitatum
1097 2356 1221 2425 ortum
1266 2351 1306 2424 in
1346 2352 1445 2426 filtro

250 2480 449 2554 collectum
467 2480 698 2573 supe1tunde
718 2500 805 2552 cum

360 2611 473 2699 10000
1142 2602 1309 2702 partibus
1364 2607 1445 2680 400

325 2739 363 2809 et
379 2735 513 2809 leniter
531 2735 709 2829 exprime.

325 2862 614 2953 Praecipitatum
634 2882 855 2955 expressum
874 2860 1037 2935 fervelac
1057 2882 1144 2934 cum

358 2993 472 3079 Aquae
1146 2983 1313 3082 partibus
1370 2987 1448 3060 000

325 3116 445 3189 donec
470 3115 510 3188 in
524 3136 694 3188 massam
707 3115 919 3188 subtlavam
937 3113 1150 3187 resinosam
1168 3113 1326 3204 licuerit,
1347 3114 1448 3188 sicca

251 3243 414 3336 primum
446 3246 700 3335 temperatura
725 3241 952 3332 300-400,
976 3241 1131 3314 tandem
1159 3241 1271 3329 100⁰,
1296 3246 1446 3314 contere

251 3390 419 3443 massam
432 3368 646 3442 induratam
659 3368 699 3440 in
717 3368 910 3461 pulverem
929 3373 967 3443 et
986 3390 1095 3442 serva
1110 3368 1232 3441 aluce
1251 3372 1445 3442 remotam.

358 3495 487 3569 Pulvis
503 3495 751 3587 griseo-albus
765 3495 825 3568 rel
840 3496 1062 3585 flavescens
1081 3495 1277 3585 inodoruS,
1298 3497 1446 3588 saporis

251 3622 517 3714 adstringentis
537 3620 786 3695 amariusculi
807 3621 971 3696 Solvitur
987 3622 1027 3694 in
1048 3624 1098 3696 30
1114 3622 1257 3696 circiter
1279 3623 1448 3716 partibus

251 3770 373 3847 aquae
406 3749 606 3838 bullientia,
641 3749 679 3821 in
700 3750 778 3821 800
797 3748 964 3840 frigidae,
1002 3748 1109 3823 facile
1136 3749 1176 3822 in
1203 3748 1336 3842 spiritu
1363 3749 1449 3823 vini.

250 3876 377 3950 Pulvis
397 3897 483 3949 cum
502 3897 602 3967 aqua
621 3876 821 3949 calefactus
848 3875 1106 3967 conglobatur.

359 4000 504 4076 Solutio
524 4022 670 4094 aquosa
687 4003 786 4075 ferro
811 4001 1108 4095 sesquichlorato
1132 4002 1254 4076 soluto
1284 4001 1448 4075 colorem

253 4134 572 4204 atramentaceum
586 4129 716 4203 induit
735 4129 878 4203 Solutio
898 4129 1111 4223 spirituosa,
1132 4128 1339 4221 digestione
1362 4147 1449 4202 cum

250 4256 406 4350 plumbo
421 4257 563 4330 acetico
576 4255 703 4330 basico
715 4257 839 4331 soluto
850 4258 898 4330 ab
914 4258 1021 4331 acido
1037 4258 1188 4330 tannico
1200 4256 1445 4330 eitumacido

251 4382 429 4457 00110000
458 4382 575 4457 diluto
609 4406 632 4456 a
660 4384 816 4477 plumbo
850 4383 1052 4457 excedente
1080 4383 1237 4457 liberata
1262 4381 1446 4475 liquorem

250 4509 428 4583 filtratum
451 4510 641 4603 praebeat,
668 4510 731 4603 qui
754 4510 886 4603 spiritu
909 4509 986 4583 vini
1009 4514 1210 4604 evaporato
1239 4531 1325 4584 cum
1346 4532 1446 4603 aqua

250 4636 369 4710 chlori
387 4637 612 4710 succedente
637 4637 826 4711 ammonia
841 4638 1006 4711 colorem
1022 4637 1179 4711 viridem
1196 4636 1328 4711 induit
