3725 5400
664 478 926 549 —XXV-

301 699 422 772 8.Αά
469 697 791 772 determinandam
839 699 1181 789 temperaturam
1227 694 1390 767 thermo·

196 832 358 901 metrum
377 828 429 899 sic
449 825 590 899 dictum
610 824 824 898 Celsianum
844 822 1073 895 adhibeatur.

307 955 343 1028 9.
361 953 439 1027 Sub
454 956 710 1044 temperatura
723 955 906 1023 consueta
920 972 989 1023 seu
1004 949 1230 1023 ordinaria
1243 953 1391 1022 tenetur

196 1081 258 1153 illa
286 1080 507 1154 150-au0.
528 1077 701 1172 Operatio
736 1077 998 1150 macerationis
1031 1077 1097 1149 fiat
1127 1082 1389 1170 temperatura

198 1229 293 1300 quae
310 1208 399 1298 200,
418 1205 585 1300 operatio
606 1204 822 1297 digestionis
841 1226 896 1293 ea,
919 1226 1015 1297 quae
1037 1205 1111 1277 500
1130 1226 1209 1276 non
1228 1209 1390 1296 superat

196 1335 467 1429 Temperatura
517 1335 589 1406 150
631 1333 827 1426 pondera
873 1332 1086 1424 specifica
1131 1333 1170 1404 in
1217 1332 1390 1425 pharma-

198 1482 340 1553 copoea
372 1464 503 1534 notata
545 1460 784 1553 explorentur
807 1465 844 1532 et
870 1459 944 1532 nisi
986 1457 1087 1531 aliud
1119 1458 1391 1552 praescriptum

198 1588 309 1662 etiam
331 1591 469 1660 cuncta
501 1587 674 1660 examina
703 1607 821 1679 aeque
842 1607 884 1658 ac
904 1587 1139 1678 praeparatio
1161 1586 1391 1659 solutionum

195 1714 522 1787 volumetricarum
542 1720 804 1805 exsequantur.

310 1842 367 1913 10.
391 1839 468 1913 Sub
501 1842 700 1927 „balneum
729 1848 870 1932 aquae“
909 1841 1125 1932 intelligitur
1157 1862 1257 1932 aqua
1289 1841 1391 1912 ebul·

166 1950 172 1973 '
195 1968 306 2056 liens3
327 1968 410 2041 loco
430 1969 512 2040 eius
531 1968 710 2041 balneum
728 1969 879 2061 vaporis
903 1970 1002 2040 100Ο
1026 1968 1203 2041 adhibere
1222 1968 1315 2040 licei,

311 2095 369 2166 ll.
405 2094 464 2166 Ad
503 2093 829 2168 determinandum
867 2100 1076 2187 punctum
1117 2093 1392 2168 ebullitionis

197 2220 454 2293 medicaminis
489 2220 617 2312 liquidi
650 2220 871 2293 adhibeatur
905 2221 1097 2294 cucurbita
1129 2244 1244 2314 parva
1276 2221 1393 2294 vitrea

198 2349 293 2422 collo
321 2350 435 2439 longo
464 2347 655 2435 instructa,
689 2354 731 2420 ut
765 2348 812 2420 ad
846 2348 1134 2421 destillationem
1167 2349 1220 2421 sic
1255 2349 1392 2422 dictam

197 2475 442 2568 interruptam
460 2475 500 2547 in
519 2494 591 2547 usu
611 2480 679 2562 est,
700 2476 805 2548 cuius
824 2496 913 2567 pars
932 2476 1086 2549 inferior
1105 2478 1230 2569 ampla
1248 2477 1391 2569 liquore

198 2602 448 2676 examinando
465 2601 609 2674 circiter
627 2622 750 2693 usque
776 2603 825 2674 ad
854 2603 1048 2675 dimidium
1066 2604 1258 2696 impletur;
1292 2603 1391 2676 ther·

197 2735 422 2803 mometrum
440 2731 480 2802 in
499 2729 595 2802 collo
616 2729 830 2802 cucurbitae
851 2730 903 2802 ita
926 2733 1103 2820 munitur,
1138 2738 1180 2805 ut
1208 2733 1391 2825 liquorem

199 2858 302 2930 haud
322 2863 494 2948 tongeno,
515 2858 653 2949 ubique
677 2859 880 2950 vaporibus
901 2881 947 2932 ex
967 2881 1011 2932 eo
1046 2861 1203 2932 evolutis
1238 2861 1391 2932 circum·

198 2984 325 3056 fusum
358 2984 414 3056 sit.
451 2983 569 3057 Notae
601 2985 640 3056 in
677 2989 783 3057 textu
820 2986 1144 3080 pharmacopoeae
1178 2990 1392 3079 spectantes

199 3115 380 3204 punctum
429 3111 652 3183 ebullitionis
703 3111 915 3185 referuntur
962 3116 1010 3186 ad
1059 3114 1137 3186 760
1183 3113 1393 3186 millimetra

199 3238 395 3310 columnae
415 3237 625 3310 barometri.

217 3427 222 3433 .
312 3365 370 3437 1a.
404 3365 462 3437 Ad
506 3366 831 3438 determinandum
878 3373 1086 3460 punctum
1132 3367 1392 3459 liquationis

198 3492 325 3583 ingere
341 3491 575 3564 substantiae
590 3492 773 3566 subtiliter
787 3494 1017 3586 pulveratae,
1034 3500 1145 3569 antea
1158 3495 1195 3568 in
1212 3499 1393 3588 apparatu

199 3620 442 3692 exsiccatorio
453 3639 570 3709 supra
584 3619 732 3691 acidum
743 3621 963 3694 sulfuricum
974 3622 1125 3694 minime
1135 3643 1202 3714 per
1217 3622 1269 3693 bd
1278 3622 1394 3694 horas

199 3746 359 3820 siccatae
388 3747 427 3817 in
456 3745 629 3818 tubulum
648 3746 808 3820 vitreum
832 3755 1047 3840 angustum,
1069 3749 1297 3822 extremitate
1316 3770 1396 3822 una

202 3878 373 3966 apertum
393 3873 563 3945 diametri
578 3872 739 3946 maxime
754 3875 954 3949 millimetri
970 3882 1127 3965 tantum,
1148 3881 1189 3948 ut
1208 3896 1408 3970 concussa

200 4005 361 4073 stratum
383 3999 594 4072 millimetra
615 3999 719 4072 b—il
740 4002 856 4075 altum
889 4005 927 4077 in
946 4005 1062 4077 lundo
1090 4005 1208 4077 tubuli
1245 4005 1393 4077 formet.

201 4127 351 4200 Tubulo
385 4126 546 4217 adiunge
583 4127 895 4204 thermometrnm
929 4138 1058 4225 aptum
1091 4139 1128 4206 et
1164 4132 1324 4224 importa
1356 4132 1394 4204 in

199 4253 372 4326 tubulum
395 4252 653 4345 probatorium
672 4255 814 4329 circiter
833 4258 1044 4331 millimctra
1065 4262 1115 4333 30
1134 4259 1174 4332 in
1202 4260 1395 4345 diametro,

201 4381 334 4473 inquo
356 4380 505 4453 acidum
533 4379 754 4454 sulfuricum
773 4384 820 4456 ad
845 4386 1140 4460 calefaciendum
1169 4388 1395 4460 destinatum

201 4514 352 4600 praesto
373 4511 442 4581 est.
481 4504 580 4578 Tum
600 4506 748 4581 acidum
779 4513 1000 4586 sulfuricnm
1033 4515 1184 4607 saepius
1218 4514 1394 4606 agitando

202 4634 343 4706 sensim
377 4632 593 4723 sensimque
629 4635 783 4716 calefiat.
829 4640 976 4715 Gradus
1000 4647 1285 4735 temperaturae,
1320 4661 1394 4731 quo

255 4789 444 4844 Pharmacopoaa.
