3725 5400
937 514 1173 587 -194—

572 710 574 715 ”
650 727 1036 865 (imnuesina
1066 726 1478 862 Annoniaoun.

892 936 1221 1017 Ammoniacum.

565 1113 1001 1187 DoremaAmmouiecum
1014 1112 1118 1204 Don,
1135 1111 1263 1205 planta
1276 1111 1464 1205 perennis,
1477 1111 1653 1186 inPersia

456 1248 495 1318 et
512 1242 552 1316 in
571 1242 730 1316 desertis
750 1240 848 1314 circa
866 1242 991 1313 lacum
1010 1239 1100 1312 Arai
1119 1259 1303 1312 crescens.

566 1370 710 1443 Succus
745 1367 1098 1461 gummiresinosuS,
1138 1387 1158 1438 e
1193 1366 1298 1439 caule
1328 1369 1463 1459 sponte
1492 1366 1650 1439 effluens

458 1504 544 1571 aere
562 1497 772 1586 induratus
793 1494 968 1590 provenit
985 1493 1024 1566 in
1043 1493 1170 1585 granis
1191 1493 1373 1566 distinctis
1403 1498 1468 1567 aut
1485 1493 1582 1567 inter
1610 1517 1650 1566 se

458 1624 720 1717 conglutinatis
767 1620 1022 1714 subglobosis,
1077 1619 1332 1712 magnitudine
1381 1620 1535 1694 seminis
1581 1622 1651 1714 pisi

456 1773 579 1844 usque
609 1751 658 1824 ad
685 1750 793 1824 nucis
822 1748 1008 1841 iuglandis
1037 1748 1188 1836 molem,
1219 1753 1327 1821 extus
1356 1747 1492 1821 eoloris
1512 1748 1651 1821 albido·

456 1878 692 1953 flavescentis
711 1878 771 1951 vel
790 1874 1280 1964 aurantiaco-fuscescentis
1291 1874 1431 1969 opacis,
1443 1879 1509 1948 aut
1526 1877 1651 1968 paullo
1672 1896 1673 1903 ¹

456 2007 643 2100 pinguiter
668 2005 884 2093 nitentibus
924 2004 963 2076 in
1000 2003 1166 2076 fracture
1201 2002 1387 2076 conchata
1422 2002 1550 2076 lacteis
1588 2007 1653 2076 aut

457 2132 974 2220 subviolaoeoelbieantibus,
995 2129 1134 2224 opalini
1153 2129 1366 2222 adspectus,
1377 2129 1417 2202 in
1434 2129 1651 2222 fragmentis

457 2260 634 2334 tenuibus
645 2259 854 2354 diaphaniS,
877 2258 1116 2348 duriuscule,
1138 2258 1207 2331 sed
1225 2278 1362 2331 manus
1382 2259 1505 2332 calore
1524 2259 1651 2331 molle·

458 2389 661 2478 scentibus,
684 2387 830 2482 saporis
850 2385 979 2477 amari,
1010 2385 1107 2460 acris
1127 2391 1164 2459 et
1181 2384 1371 2475 nauseosi,
1398 2384 1525 2458 odoris
1539 2406 1651 2478 pecu-

456 2514 557 2590 liaris
576 2515 680 2590 haud
699 2516 805 2607 grati.

568 2643 662 2718 Cum
682 2664 782 2737 aqua
800 2641 927 2716 tritum
946 2640 1234 2716 Ammoniaeum
1254 2638 1503 2715 emulsionem
1528 2640 1652 2713 albam

458 2772 624 2866 praebet,
674 2791 771 2863 quae
819 2769 947 2843 addita
993 2769 1180 2843 solutione
1226 2766 1337 2840 natrii
1381 2765 1653 2860 hydrooxydati

459 2899 625 2971 colorem
643 2898 795 2987 flavum,
818 2902 899 2971 turn
918 2897 1070 2971 fuscum
1091 2896 1232 2989 accipit.

568 3024 736 3100 Granum
778 3024 1017 3098 Ammoniaci
1068 3044 1157 3096 cum
1207 3022 1315 3096 acido
1366 3020 1652 3115 hydrochlorieo

459 3152 679 3226 calefactum
708 3153 875 3226 colorem
894 3173 943 3226 ne
963 3154 1091 3225 mutet

566 3279 677 3372 Aqua
695 3278 994 3354 Gummiresinae
1015 3277 1218 3370 superfusa
1235 3275 1362 3349 addita
1380 3280 1486 3368 gutta
1510 3296 1652 3348 ammo-

458 3405 543 3479 niae
562 3427 611 3479 ne
630 3406 844 3481 fluoreseat.

566 3533 658 3607 Pers
701 3535 719 3606 1
760 3532 1058 3606 Gummiresinae
1096 3552 1184 3605 cum
1219 3528 1389 3623 partibus
1441 3531 1489 3603 10
1531 3551 1652 3622 aquae

458 3660 639 3734 calefacta
650 3659 835 3753 liquorem
853 3659 1046 3733 turbidum
1065 3659 1229 3753 praebet,
1247 3657 1311 3750 qui
1325 3656 1453 3730 addita
1466 3657 1652 3731 solutione

457 3787 545 3862 ferri
564 3785 852 3881 sesquiehlorati
877 3787 1042 3861 colorem
1062 3807 1081 3859 e
1106 3785 1221 3858 rubro
1240 3785 1448 3858 violaceum
1469 3783 1652 3858 exhibeat

567 3913 845 3989 Gummiresina
872 3913 1163 3987 Ammoniacum
1192 3912 1324 4007 spiritu
1345 3912 1421 3986 vini
1454 3912 1652 3987 ebulliente

459 4041 621 4132 perfecte
642 4045 807 4116 extracta
826 4062 846 4115 e
870 4042 946 4115 100
965 4042 1135 4134 partibus
1154 4062 1202 4113 ne
1219 4040 1435 4134 plusquam
1453 4045 1579 4133 partes
1599 4040 1652 4113 40

458 4168 599 4242 residui
613 4173 651 4243 et
669 4169 802 4243 eadem
833 4170 1022 4262 quantitas
1043 4167 1340 4243 Gummiresinae
1374 4168 1573 4241 combusta
1604 4188 1651 4239 ne

458 4297 544 4390 plus
565 4318 679 4390 quam
697 4302 824 4391 partes
845 4298 868 4370 l
890 4297 1026 4372 cineris
1045 4297 1239 4389 relinquat

567 4425 628 4498 Ad
654 4446 770 4498 usum
798 4425 1145 4520 pharmaceuticum
1170 4443 1289 4516 grana
1315 4422 1551 4496 Ammoniaci
1580 4443 1651 4516 ope

459 4552 564 4626 calcii
583 4552 734 4645 oxydati
763 4552 942 4626 siccanda
970 4557 1007 4625 et
1034 4552 1106 4625 sub
1134 4554 1355 4643 tempestate
1385 4548 1507 4642 gelida
1525 4550 1652 4643 pulve-

458 4681 579 4754 randa
597 4685 698 4754 sunt.
