3725 5400
757 451 944 522 „p-

363 664 506 739 Solutio
544 685 691 758 aquosa
721 665 828 739 Acidi
864 665 980 739 horici
1018 665 1053 762 (1
1072 641 1121 730 :4-
1134 665 1201 758 50)
1238 685 1307 738 nec
1346 685 1447 757 aqua

252 791 571 884 hydrosuliurotu,
583 810 654 866 nec
666 793 783 887 hnryo
797 793 939 882 nitrien,
962 814 1033 867 nec
1048 796 1204 886 argento
1217 792 1357 883 uitrico,
1376 812 1446 865 nec

254 919 442 993 ammonio
469 919 624 1009 oxalico,
653 940 723 993 nec
752 922 946 996 ammonia
973 926 1107 994 neutra
1129 921 1228 994 sacta
1256 918 1446 993 ammonio

253 1046 434 1121 sulfurato
455 1051 631 1121 mutetur.

361 1173 520 1247 Aridum
556 1174 738 1264 horicum,
772 1175 812 1248 in
844 1173 952 1249 acido
994 1175 1172 1250 sulfurico
1207 1177 1446 1248 concontralo

253 1299 504 1374 calefaciendo
525 1301 702 1392 solutum,
723 1308 813 1394 post
825 1302 1146 1396 refrigerationem
1165 1302 1338 1394 crystallo
1357 1300 1446 1374 ferri

253 1427 417 1501 sullurici
436 1428 570 1502 iniecto
589 1450 726 1502 zonam
743 1429 891 1504 fuscam
909 1451 958 1503 ne
977 1429 1174 1524 impertiat.

388 1806 730 1919 ulciacum
767 1807 1309 1922 corbolicum.

362 2066 533 2159 Crystalli
551 2068 849 2159 tenueslongae,
860 2066 1105 2156 acuminalae,
1126 2066 1264 2139 coloris
1275 2070 1446 2158 expertes

251 2194 311 2268 vel
356 2215 490 2269 massa
535 2195 750 2298 cryslallinc
788 2195 887 2283 alba,
940 2204 1108 2286 tempore
1137 2194 1345 2268 flavescens
1375 2213 1446 2267 seu

252 2321 468 2409 rubescens,
487 2322 613 2395 odoris
639 2321 850 2415 peculiaris,
869 2322 1046 2395 caustica.
1461 2334 1464 2341 ’

360 2447 631 2541 Temperatura
649 2448 861 2522 400--00Ο
881 2449 1106 2523 0110000110
1120 2449 1304 2542 liquorem
1322 2449 1446 2522 lucem

253 2576 361 2649 valde
376 2575 648 2667 refringentem,
660 2597 794 2649 versus
810 2577 855 2648 17
861 2578 1054 2650 80-1800
1069 2576 1259 2665 ebulliunt,
1268 2576 1444 2650 incensae

254 2703 458 2796 deflagrant
486 2704 640 2777 flammo
667 2704 754 2776 alba
790 2704 939 2778 residuo
971 2705 1074 2779 nullo
1105 2705 1246 2794 relicto,
1283 2727 1329 2780 ex
1358 2712 1445 2778 aere

252 2830 512 2905 humiditatem
532 2830 724 2905 attrahunt
742 2836 779 2904 01
799 2832 982 2906 diffluunt.
1011 2879 1015 2884 .

359 2957 520 3031 Aridum
553 2956 781 3031 corbolicum
815 2959 972 3033 solvitur
1002 2959 1040 3032 in
1079 2960 1126 3034 15
1159 2959 1236 3034 iere
1273 2958 1443 3054 partibus

253 3107 385 3178 aquae,
413 3085 451 3158 10
485 3086 588 3158 omni
619 3086 859 3178 proportione
880 3087 1052 3179 aetheris,
1088 3087 1242 3180 spiritus
1262 3087 1349 3176 vini,
1369 3085 1444 3178 gly-

252 3212 367 3286 cerini
394 3233 464 3286 nec
491 3234 570 3285 non
596 3212 637 3285 in
665 3212 914 3287 solutionibus
946 3214 1032 3287 kulii
1063 3213 1144 3288 sive
1172 3213 1282 3287 natrii
1308 3213 1444 3305 hydro-

252 3339 415 3433 oxydali.

358 3468 401 3541 ln
420 3467 606 3542 solutione
625 3471 759 3560 parata
778 3488 800 3540 e
817 3468 991 3560 partibus
1018 3466 1190 3540 0000101
1208 3466 1385 3540 carholici
1409 3471 1446 3540 et

251 3594 421 3686 partibus
462 3596 511 3667 10
540 3594 692 3687 spiritus
728 3595 807 3667 vini
840 3616 929 3687 pars
973 3596 988 3666 1
1031 3594 1118 3666 ferri
1155 3593 1444 3687 sesquichlorali

252 3721 364 3794 soluti
396 3723 560 3795 colorem
592 3721 743 3795 sordide
776 3721 933 3794 viridem
960 3721 1140 3813 producit,
1174 3721 1239 3813 qui
1266 3721 1443 3794 diluendo

253 3869 355 3942 aqua
380 3869 500 3940 usque
528 3849 578 3921 ad
602 3849 703 3921 1000
729 3853 855 3941 partes
887 3848 928 3920 in
947 3848 1111 3921 colorem
1143 3848 1300 3940 pulchre
1328 3848 1443 3922 viola·

252 3996 369 4064 ceum,
389 3982 449 4049 sat
467 3975 689 4049 continuum
707 3975 854 4048 transit.

358 4103 539 4176 Bromum
557 4123 655 4195 equa
679 4102 846 4175 solutum
868 4103 909 4175 in
931 4102 1117 4176 solutione
1141 4102 1247 4176 Aridi
1271 4103 1444 4176 cerbolici

252 4251 399 4323 aquosa
431 4229 659 4304 1:50000
689 4230 865 4303 continno
895 4229 1006 4303 efficit
1035 4229 1287 4304 sedimentum
1316 4230 1445 4303 album

250 4357 506 4431 flocculosum.
