3725 5400
918 516 1127 588 -92-

422 735 527 825 fusci,
556 733 758 825 subnitido‚
786 733 970 808 subtiliter
1005 755 1074 826 per
1104 734 1374 827 longitudinem
1411 756 1551 827 rugoso
1584 740 1623 810 et

421 862 618 936 lenticellis
656 861 790 936 albidis
828 862 1051 955 plerumque
1087 866 1305 936 transverse
1346 864 1530 955 porrectis
1567 863 1621 936 in·

422 993 577 1078 structo,
607 989 646 1062 in
666 989 864 1083 superficie
883 989 1031 1063 interna
1056 989 1229 1062 laevibus
1253 1010 1274 1063 e
1292 989 1408 1062 rubro
1427 989 1555 1081 fuscis
1582 991 1621 1063 in

358 1152 361 1157 >
422 1117 586 1190 fractura
623 1117 831 1206 tenacibus
864 1117 1026 1207 fibrosis,
1064 1116 1182 1190 flavis.
1215 1115 1369 1210 Saporis
1399 1122 1458 1190 est
1484 1116 1622 1191 Cortex

422 1244 627 1333 subamari,
644 1244 800 1318 salivam
821 1245 948 1318 colore
975 1243 1073 1318 flavo
1102 1244 1263 1336 tingens,

532 1370 781 1463 Microscopio
802 1371 1019 1464 exploratus
1035 1369 1173 1445 Cortex
1187 1372 1226 1443 in
1245 1371 1413 1445 sectione
1432 1376 1620 1445 transver-

423 1498 494 1572 sali
548 1498 697 1571 exhibet
742 1498 814 1571 sub
852 1498 1100 1591 peridermate
1138 1497 1275 1571 coloris
1313 1519 1334 1571 e
1371 1497 1481 1572 fusco
1518 1498 1621 1572 rubri

423 1626 711 1719 mesophlocum
748 1625 1025 1699 viride-ssavum
1055 1629 1092 1699 et
1123 1624 1404 1718 endophloeum
1431 1626 1621 1721 fluvidum,

423 1753 595 1827 striatam
645 1753 762 1826 radiis
808 1753 1078 1826 medullaribus
1115 1752 1336 1845 plerumque
1383 1752 1620 1826 biserialibus

425 1884 463 1954 et
481 1880 595 1955 radiis
613 1880 696 1954 libri
715 1900 801 1953 cum
819 1880 1009 1954 fasciculis
1029 1901 1050 1953 e
1072 1879 1177 1953 fibris
1202 1879 1364 1953 maxime
1386 1880 1619 1970 incrassatis,

358 2010 360 2013 ’
421 2007 614 2081 instructis
633 2013 750 2082 strato
769 2008 1013 2081 membranae
1037 2013 1190 2082 externo
1209 2007 1327 2103 luteo.
1349 2006 1522 2081 radiatim
1545 2006 1620 2081 dis·

424 2135 558 2228 positis
596 2140 633 2208 et
670 2134 943 2209 alternantibus
991 2156 1077 2208 cum
1114 2135 1407 2228 parenchymate
1445 2140 1483 2208 et
1517 2134 1621 2208 vasis

423 2260 613 2336 cribrosis
644 2261 688 2336 In
715 2261 964 2356 mesophloeo
993 2261 1149 2337 Corticis
1177 2261 1334 2335 iunioris
1372 2263 1622 2336 observantur

424 2410 610 2464 cavernae
621 2390 768 2483 amplae
779 2389 1002 2480 mucilagine
1013 2390 1186 2481 repletae.
1199 2388 1336 2463 Cortex
1350 2390 1621 2483 caretplerum·

425 2538 498 2610 que
518 2537 564 2589 ex
582 2521 660 2590 toto
685 2515 827 2590 cellulis
856 2516 1080 2590 sclereideis.
1099 2515 1271 2608 Crystalli
1299 2516 1404 2590 calcii
1433 2516 1565 2590 oxalici
1584 2522 1620 2591 et

425 2644 613 2739 simplices
633 2649 670 2720 et
689 2644 858 2719 stellatae
877 2644 1054 2738 copiosae
1073 2643 1323 2737 reperiuntur,
1344 2644 1438 2718 baec
1457 2644 1623 2718 maxima

425 2793 471 2845 ex
497 2778 603 2865 parte
636 2772 675 2844 in
702 2772 1007 2866 parencbymate,
1042 2769 1128 2844 illae
1162 2771 1201 2844 in
1238 2770 1343 2843 fibris
1379 2771 1623 2865 leptodermis

423 2899 595 2973 loculatis
614 2899 814 2973 fasciculos
834 2899 1013 2972 librarum
1032 2897 1115 2971 libri
1134 2898 1551 2990 circumvaginantibus

534 3025 629 3099 Cum
661 3025 757 3098 lralio
794 3024 1081 3117 hydrooxydato
1115 3025 1239 3097 soluto
1270 3022 1407 3097 Cortex
1438 3024 1623 3118 liquorem

425 3152 562 3225 coloris
581 3153 727 3227 intense
747 3152 944 3243 sanguinei
963 3150 1129 3245 praebet

532 3279 705 3353 Infusum
724 3278 880 3353 Corticis
900 3300 1089 3372 aquosum
1113 3279 1148 3372 (i
1171 3310 1220 3345 =
1243 3279 1319 3372 10),
1341 3280 1478 3354 coloris
1498 3280 1623 3354 lusco-

425 3405 642 3495 aurantiaci,
676 3406 804 3479 addita
837 3406 1024 3480 solutione
1060 3407 1177 3480 diluta
1212 3407 1301 3481 ierri
1338 3407 1624 3501 sesquichlorati

425 3533 590 3606 colorem
609 3529 796 3624 profunde
815 3533 1099 3607 rubro-fuscum
1118 3533 1261 3625 accipit.

539 3661 614 3732 100
628 3667 756 3753 partes
768 3661 922 3736 Corticis
937 3661 1147 3753 Frangulae
1160 3681 1209 3734 ne
1223 3662 1310 3758 plus
1326 3683 1441 3760 quam
1455 3667 1581 3755 partes
1598 3663 1621 3736 5

425 3786 560 3860 cineris
580 3788 805 3882 relinquant

535 3913 672 3989 Cortex
703 3916 913 4009 Frangulae
944 3938 993 3991 ne
1023 3917 1246 3991 adhibeatur
1272 3917 1345 3991 nisi
1376 3917 1529 3991 minime
1554 3937 1622 4010 per

425 4061 568 4115 annum
589 4046 791 4136 sepositus.
1422 4067 1424 4072 '
