3725 5400
733 490 948 564 ..69-

241 708 463 803 compressi,
494 729 610 803 saepe
634 708 713 782 bini
734 708 829 782 inter
847 729 888 782 se
908 707 1106 799 coniuncti,
1134 708 1331 802 superficie
1352 709 1441 803 plus

241 834 415 908 minusve
442 836 572 929 rugosi
600 834 990 927 nigro-luscescentes,
1019 835 1250 909 membranis
1272 835 1445 910 instructi

243 961 392 1035 duabus
425 963 676 1037 exterioribus
706 967 805 1035 arcte
833 961 977 1035 coalitis
1006 967 1044 1036 et
1071 963 1268 1038 difficulter
1286 984 1441 1057 separa·

241 1087 391 1178 bilibus,
437 1089 738 1181 integumentum
775 1092 888 1162 tenue
924 1088 1176 1163 formantibus
1218 1095 1256 1164 et
1292 1089 1444 1164 duabus

242 1214 494 1305 interioribus,
527 1214 746 1289 lamellatim
777 1214 1048 1288 traiicientibus
1077 1236 1221 1305 cavum,
1255 1216 1445 1310 repletum

243 1363 374 1416 massa
402 1341 649 1416 subresinosa
676 1341 716 1415 in
743 1342 907 1416 fractma
931 1342 1084 1431 nitente,
1115 1342 1251 1417 coloris
1276 1363 1297 1415 e
1326 1343 1442 1417 rubro

241 1468 339 1542 fusci
366 1469 426 1542 vel
454 1490 475 1542 e
503 1469 610 1543 fusco
627 1469 733 1562 nigri,
767 1468 894 1542 odoris
922 1469 1133 1562 peculiaris,
1173 1470 1322 1563 saporis
1351 1470 1441 1544 acri·

242 1595 449 1687 aromatici,
479 1596 730 1686 amariusculi,
749 1595 985 1670 masticando
1006 1594 1182 1671 dentibus
1202 1597 1442 1686 adhaerente,

241 1723 282 1796 in
300 1722 434 1816 spiritu
452 1721 530 1796 vini
549 1728 586 1796 et
604 1722 754 1796 aethere
774 1744 820 1796 ex
838 1743 977 1813 magna
995 1726 1102 1817 parte
1121 1722 1281 1796 solubili

355 1851 431 1923 100
465 1854 592 1943 partes
627 1849 795 1923 Castorei
827 1849 960 1944 spiritu
992 1848 1068 1922 vini
1106 1849 1246 1923 fervido
1275 1850 1440 1943 perfecte

241 1981 427 2051 extractae
440 1996 489 2050 ne
505 1974 591 2070 plus
608 1998 722 2068 quam
736 1981 863 2070 partes
879 1976 1087 2050 coresium
1103 1981 1140 2050 et
1159 1977 1377 2050 combustae
1392 1997 1442 2051 ne

242 2103 328 2197 plus
345 2124 460 2197 quarn
477 2109 604 2198 partes
623 2104 649 2176 4
664 2104 799 2177 cineris
815 2104 995 2178 albissimi
1010 2103 1231 2197 relinquant

719 2389 967 2526 dcteclu.

356 2614 488 2684 Acacia
553 2611 702 2685 Coteciu
761 2612 1074 2703 WilldenoW,
1135 2613 1248 2685 arbor
1308 2611 1436 2685 Indiae

244 2739 445 2813 orientalis.

351 2865 568 2941 Extractum
601 2888 792 2960 aquosum
825 2869 979 2959 siccum,
1011 2867 1051 2940 in
1082 2866 1190 2941 India
1221 2867 1390 2940 orientali
1418 2888 1438 2941 e

247 2991 445 3066 ducamine
465 2993 626 3067 obscure
646 2996 754 3067 fusco
774 2995 921 3068 arboris
941 3000 1129 3087 paratum,
1161 2994 1260 3067 sistit
1286 3014 1438 3068 massas

245 3119 377 3209 duras,
397 3120 553 3208 solidas
572 3121 733 3213 fragiles,
753 3122 988 3195 extrinsecus
1009 3141 1163 3214 opacas
1189 3141 1357 3212 asperas
1379 3142 1439 3194 co·
1485 3107 1489 3113 ⁵

243 3246 334 3320 loris
354 3247 515 3322 obscure
535 3247 698 3339 hepatici
717 3254 782 3322 aut
801 3250 1006 3338 atro-fusci,
1020 3248 1239 3321 infractura
1255 3248 1440 3321 conchata

246 3374 627 3462 resinosonitentes,
679 3375 919 3449 solummodo
970 3375 1009 3448 in
1056 3374 1249 3467 particulis
1297 3375 1439 3467 exiguis

247 3502 563 3596 semipellucidas‚
611 3503 683 3576 sub
721 3504 969 3596 microscopio
1007 3502 1252 3596 crystallinas,
1291 3503 1439 3594 saporis

244 3626 354 3700 valde
374 3628 655 3721 adstringentis
671 3630 806 3704 deinde
827 3628 1060 3703 dulciusculi.

351 3754 480 3829 Pulvis
510 3778 529 3830 e
558 3757 680 3849 griseo
708 3758 852 3848 fuscus,
882 3778 966 3830 cum
998 3778 1098 3849 aqua
1117 3757 1165 3830 ad
1185 3757 1438 3831 ebullientium

242 3882 468 3957 fervefactus
512 3884 698 3978 liquorem
736 3886 938 3976 turbidum,
980 3886 1125 3958 laccam
1171 3885 1293 3959 musci
1329 3884 1438 3958 rube-

241 4008 452 4099 facicntem,
478 4031 566 4083 cum
586 4012 718 4104 spiritu
736 4013 811 4086 cini
836 4013 1035 4086 ebulliente
1066 4012 1294 4085 solutionem
1321 4011 1438 4102 limpi-

245 4134 346 4230 dam,
366 4135 502 4209 coloris
522 4158 542 4210 e
561 4138 676 4212 rubro
691 4139 789 4212 fusci
809 4140 971 4231 praebet

354 4262 534 4338 Gramma
569 4265 767 4339 solutionis
797 4287 817 4339 e
846 4271 952 4358 parte
986 4267 1002 4338 l
1033 4265 1201 4339 Catecbu
1223 4265 1263 4338 in
1286 4263 1437 4356 pulvere

242 4388 282 4461 in
300 4390 470 4482 partibus
499 4391 546 4463 10
567 4392 719 4484 spiritus
737 4392 814 4465 vini
834 4392 1043 4466 ebullientis
1070 4414 1158 4465 oum
1186 4390 1364 4484 grammis
1389 4392 1437 4462 10

244 4537 368 4609 aquae
389 4517 558 4608 dilutum,
585 4518 722 4592 additis
751 4519 865 4611 guttis
892 4519 914 4590 i
948 4518 1146 4592 solutionis
1179 4520 1264 4593 ferri
1294 4518 1438 4609 sesqui·

108 4746 125 4769 ·
241 4643 456 4737 chlorati'(l
478 4674 526 4708 =
548 4647 638 4736 100)
658 4647 841 4738 liquorem
861 4646 997 4719 coloris
1016 4646 1144 4719 viridis
1178 4646 1337 4734 exbibet,
1373 4648 1437 4738 qui
