3725 5400
926 446 1138 518 ..84-

624 650 1089 801 Uoffel‘roum
1126 660 1456 835 Notrtoe

783 823 1285 938 remotorum.

542 1009 671 1085 Pulvis
686 1009 1124 1103 amorphoerystellinus
1139 1008 1260 1099 albus,
1272 1013 1339 1084 aut
1351 1031 1480 1084 messe
1494 1032 1630 1103 granu·

434 1138 519 1212 lose
547 1138 643 1232 elba,
672 1136 800 1211 odoris
829 1158 976 1231 expers
1006 1137 1155 1232 soporis
1175 1138 1378 1228 subornari,
1403 1138 1512 1214 facile
1531 1141 1632 1215 solu·

434 1265 519 1339 bilis
546 1266 587 1338 in
615 1286 725 1357 aqua,
754 1264 943 1338 difficilius
971 1265 1012 1338 in
1039 1264 1174 1358 spiritu
1205 1264 1297 1355 vini;
1325 1265 1463 1341 solutio
1484 1287 1633 1361 aquosa

433 1392 663 1467 reeotionem
681 1395 854 1465 neutram
873 1390 1032 1466 exhibet

543 1518 756 1595 Coffeinum
773 1519 806 1592 N
807 1519 1151 1609 atrio-benzoicum,
1172 1520 1211 1594 in
1229 1520 1363 1594 tubulo
1379 1520 1631 1614 exploratorio

434 1652 542 1723 ceute
569 1647 791 1722 calefactum
823 1648 957 1721 emittit
988 1647 1148 1722 nebulas
1173 1647 1291 1738 albae,
1320 1669 1417 1741 quae
1445 1647 1573 1722 stetim
1589 1647 1632 1723 in

353 1810 356 1817 r
434 1775 632 1868 crystallos
660 1776 902 1849 tenuissimas
931 1779 1194 1864 concrescunt;
1227 1774 1267 1849 in
1298 1776 1439 1850 lamina
1465 1774 1633 1868 platinee

435 1903 676 1978 combustum
703 1903 898 1978 residuum
925 1901 1110 1997 relinquit,
1144 1901 1247 1995 quod
1280 1904 1471 1976 dammam
1505 1903 1631 1976 colore

433 2031 529 2105 flavo
548 2030 666 2125 tingit

541 2156 585 2231 In
604 2159 790 2233 solutione
811 2179 959 2251 aquosa
978 2157 1134 2232 Coffelni
1157 2156 1471 2230 Nauio-benzoici
1488 2157 1631 2232 ferrum

433 2285 773 2379 sesqoiohloreturn
801 2286 968 2360 solutum
996 2284 1249 2358 sedimenium
1269 2284 1406 2359 coloris
1425 2283 1629 2359 subrulrro·

433 2412 521 2486 ilevi
549 2412 714 2506 deponit,
742 2412 846 2507 quod
874 2412 1018 2487 adiecto
1039 2411 1146 2485 acido
1165 2410 1451 2504 hydrochlorieo
1470 2411 1631 2485 solvitur

433 2539 474 2613 in
492 2539 627 2633 spiritu
644 2540 731 2614 vini.

544 2667 756 2743 Coifelnum
792 2666 1173 2755 Nauio-benzoicum,
1210 2666 1249 2741 in
1285 2664 1428 2740 lemine
1463 2665 1630 2760 platinee

434 2796 693 2871 candefactum
718 2795 905 2890 relinquet
926 2795 1122 2869 residuum
1146 2795 1273 2868 elbum
1292 2794 1332 2867 in
1351 2816 1451 2886 equa
1463 2795 1576 2887 plene
1591 2797 1630 2868 el

433 2922 540 2996 facile
570 2923 740 2996 solubile.
775 2922 917 2996 Solutio
948 2942 1093 3015 aquosa
1120 2922 1235 2995 huius
1262 2921 1405 2995 residui
1427 2941 1497 2995 nec
1521 2919 1630 2994 arido

431 3050 716 3143 hydrorhlorico
745 3054 782 3123 et
798 3050 915 3143 boryo
941 3048 1108 3124 chlorato
1128 3050 1267 3139 soluto,
1285 3070 1355 3123 ner
1370 3049 1477 3122 acido
1495 3048 1629 3122 nitrieo

434 3180 471 3252 et
499 3182 654 3269 argento
683 3176 816 3251 nitrieo
844 3178 969 3251 soluto
997 3176 1070 3250 nisi
1095 3176 1249 3251 minime
1277 3176 1457 3250 turbetur.
1485 3175 1630 3249 Solutio

432 3304 574 3379 residui
602 3304 642 3378 in
665 3303 772 3377 acido
792 3302 1078 3397 hydroehlorico
1098 3324 1168 3378 nee
1195 3324 1295 3397 equa
1313 3302 1631 3395 hydrosullurabe,

432 3451 501 3505 nec
520 3435 602 3506 turn
621 3431 815 3504 ammonia
832 3435 1007 3504 mutetur.

540 3556 719 3633 Gramma
748 3557 903 3631 Coffeini
921 3556 1232 3632 Nauio-benzoici
1260 3577 1347 3630 cum
1361 3555 1629 3630 chloroformio

430 3687 542 3779 plane
566 3684 804 3776 exhaustum,
829 3690 1032 3778 evaporato
1058 3684 1322 3758 chloroformio
1342 3683 1495 3757 minime
1515 3682 1629 3757 centi-

432 3816 641 3905 gremmata
659 3813 712 3885 40
737 3810 884 3886 roffel'ni
901 3812 1100 3903 relinquet.

605 4134 1070 4306 dollenplostrun
1097 4131 1463 4269 odloesivum.

429 4358 505 4451 Rp:
538 4358 610 4431 Olei
628 4360 772 4430 Rostroe
792 4358 1070 4448 empyrennotlel
1368 4318 1491 4449 parter
1601 4354 1628 4427 6

538 4487 682 4558 Restm
703 4485 1068 4575 elasoeaeuepuratee
1088 4482 1263 4556 concisae
1367 4488 1490 4578 parter
1578 4483 1629 4554 10

539 4614 695 4685 Aetheris
713 4613 860 4683 Petrolei
1367 4614 1490 4704 parter
1563 4608 1630 4683 45.
