3725 5400
921 488 1138 561 ..50-

432 706 599 781 sulfurici
639 706 891 782 sedimenlnm
929 707 1069 796 album,
1108 705 1148 781 in
1185 703 1292 780 acido
1339 702 1627 796 hydrochlou‘eo

430 834 627 908 insolubile
648 833 809 926 deponit

538 959 798 1052 Milligramma
838 959 1009 1054 Atropini
1050 958 1219 1032 sulfirrici
1260 958 1300 1031 in
1343 957 1476 1032 tubulo
1507 957 1626 1032 vitreo

427 1108 553 1183 usque
571 1088 620 1165 ad
639 1087 893 1163 evolutionem
912 1087 1064 1183 vaporis
1083 1086 1158 1159 albi
1176 1085 1419 1160 fervefactum
1438 1090 1476 1159 et
1503 1107 1625 1178 gram-

430 1219 529 1288 mate
582 1213 640 1287 1·5
680 1212 776 1287 acidi
813 1212 982 1289 sulfrur'ci
1020 1212 1249 1288 concentrati
1292 1212 1436 1287 adiecto
1478 1234 1626 1305 meras,

432 1343 552 1417 donec
584 1342 797 1417 furvescere
829 1340 982 1436 incipiat
1015 1341 1234 1414 calefactum
1269 1339 1410 1430 emittit,
1444 1339 1478 1413 si
1503 1361 1624 1432 gram·

427 1474 531 1545 mata
573 1469 595 1542 l
644 1490 769 1562 aquae
790 1467 1009 1559 addideris,
1047 1468 1202 1542 odorem
1249 1488 1417 1557 suavem,
1461 1468 1623 1542 maxime

426 1596 665 1689 peculiarem,
696 1595 760 1689 qui
788 1596 1001 1687 crystallulo
1031 1594 1117 1670 kalii
1141 1594 1471 1689 hypermanganici
1488 1594 1625 1669 iniecto

426 1724 466 1797 in
486 1724 642 1798 odorem
662 1723 733 1797 olei
753 1722 1038 1817 amygdalarum
1056 1743 1271 1796 amararum
1290 1722 1455 1795 aetherei
1477 1723 1623 1796 transit.

535 1850 811 1942 Centigramma
834 1849 1003 1945 Atropini
1032 1849 1199 1924 siditrrici
1228 1870 1315 1921 cum
1339 1849 1453 1940 guttis
1479 1849 1501 1922 5
1528 1850 1623 1924 acidi

426 1978 547 2053 uitrici
575 1978 754 2053 fumantis
774 1977 931 2051 mixtum
951 1981 1063 2072 atque
1082 1976 1121 2049 in
1140 1976 1275 2050 balneo
1295 1998 1417 2072 aquae
1440 1977 1622 2051 siccatum

424 2106 619 2180 residuum
638 2105 700 2181 vix
718 2105 931 2181 subflavum
951 2105 1113 2195 exhibet,
1135 2104 1238 2197 quod
1255 2104 1514 2197 refrigeratum
1532 2126 1620 2178 cum

426 2236 532 2327 gutta
558 2230 755 2306 solutionis
785 2230 1009 2324 spirituosae
1038 2229 1123 2304 kalii
1146 2229 1420 2323 hydrooxydati
1435 2232 1621 2324 extemplo

426 2359 550 2435 colore
569 2358 734 2433 violaceo
756 2357 796 2431 in
814 2357 972 2431 rubrum
989 2360 1208 2430 transeunte
1228 2356 1399 2433 inficittu.
1745 2417 1752 2431 .

537 2485 680 2561 Solutio
700 2484 871 2579 Atropini
890 2483 1058 2559 suliuu'ci
1078 2485 1114 2575 (1
1132 2515 1180 2547 =
1195 2486 1260 2573 60)
1291 2484 1420 2559 addito
1445 2485 1542 2560 kalio
1562 2486 1621 2558 vel

428 2613 549 2687 uenio
563 2613 848 2706 hydrooxydato
865 2612 990 2685 soluto
1005 2612 1188 2701 turbatur,
1205 2612 1275 2685 sed
1290 2612 1417 2686 addita
1431 2613 1622 2686 ammonia

423 2741 484 2816 vel
502 2740 687 2814 solutione
708 2740 886 2815 ammonii
905 2739 1095 2812 carbonici
1111 2760 1160 2812 ne
1179 2739 1361 2814 turbetur.

532 2867 756 2959 Atropinum
774 2866 997 2940 sulfuricum
1017 2887 1103 2940 cum
1122 2865 1229 2938 acido
1249 2866 1429 2941 sulfurico
1449 2887 1615 2942 concen-

422 2999 518 3068 trato
538 2994 765 3067 solutionem
785 2993 999 3068 decolorem
1017 2994 1208 3087 praebeat
1237 2993 1277 3066 in
1297 3015 1373 3090 qua
1391 2993 1451 3067 vel
1469 2995 1614 3070 adiecto

422 3121 528 3195 acido
548 3120 679 3196 uitrico
699 3122 802 3195 color
820 3121 943 3214 quivis
963 3142 1011 3194 ne
1031 3120 1179 3194 oriatur.

785 3497 1039 3668 lungia
1077 3496 1251 3632 Porci.

528 3755 721 3846 Pinguedo
756 3778 776 3828 e
809 3759 958 3829 recente
996 3756 1221 3829 mesenterio
1246 3761 1283 3830 ct
1301 3756 1456 3848 capsula
1493 3759 1611 3832 renali

421 3881 505 3955 Suis
524 3881 663 3976 amasae
680 3904 798 3957 sanae
817 3904 920 3976 aqua
938 3883 1077 3975 optime
1097 3882 1225 3956 abluta
1243 3887 1282 3956 et
1298 3882 1441 3958 minute
1460 3885 1614 3959 concisa

298 4006 308 4023 ‘
340 4091 343 4098 ,
416 4009 596 4102 liquando
614 4010 654 4083 in
673 4010 808 4084 balneo
829 4031 951 4102 aquae
985 4015 1022 4083 et
1055 4010 1215 4083 colando
1249 4010 1473 4103 apartibus
1493 4033 1613 4086 mem·

417 4136 810 4212 branaceo-celltuosis
830 4142 1016 4229 separata

526 4265 681 4338 Centeni
698 4269 825 4358 partes
845 4265 927 4339 eius
944 4287 1013 4359 per
1031 4264 1260 4339 semihoram
1278 4265 1318 4336 in
1333 4264 1468 4338 balneo
1488 4287 1611 4358 aquae

417 4392 593 4466 continue
609 4392 785 4484 agitando
806 4412 893 4465 cum
910 4392 1080 4484 partibus
1099 4391 1194 4465 binis
1215 4390 1325 4464 natrii
1343 4391 1510 4466 sulfurici
1525 4394 1612 4468 sicci

418 4519 644 4610 digerantur,
664 4540 733 4611 per
751 4524 910 4593 strettun
930 4517 1097 4611 gossypii
1115 4518 1288 4611 depurati
1307 4519 1469 4592 densum
1488 4522 1611 4595 colen·

415 4652 476 4720 tur
496 4651 532 4719 et
548 4667 671 4738 usque
691 4647 740 4720 ad
758 4645 1076 4738 refrigerationem
1095 4646 1289 4736 agitentur.
