3725 5400
896 449 1134 520 -1a0-

495 668 607 743 Horis
645 668 697 740 48
736 665 874 760 elapsis
897 666 958 740 iac
985 671 1028 739 ut
1050 665 1174 759 liquor
1198 666 1369 758 guttatim
1408 665 1551 740 defluat
1586 669 1624 738 et

423 796 580 890 liquoris
599 794 738 869 defluxi
1367 798 1489 889 partae
1571 793 1622 867 85

425 923 557 1015 collige
576 928 613 996 61
631 943 786 1016 sepone.

497 1050 647 1123 Partem
666 1050 821 1122 alteram
839 1047 997 1146 liquoris
1017 1069 1140 1141 usque
1161 1048 1210 1121 ad
1237 1046 1442 1141 perfectam
1460 1047 1625 1140 pulveris

426 1176 693 1251 extractionem
732 1175 875 1251 obtenti
913 1174 1137 1249 destillando
1171 1174 1289 1249 libera
1326 1197 1350 1247 a
1386 1174 1518 1268 spiritu
1551 1174 1627 1247 vini

427 1310 464 1378 et
482 1325 645 1398 evapora
661 1305 701 1378 in
720 1305 855 1378 balneo
876 1324 998 1397 aquae
1019 1302 1067 1376 ad
1094 1302 1367 1376 remanentiam
1384 1301 1548 1395 partium
1565 1301 1626 1390 15,

427 1453 542 1525 quam
575 1432 739 1506 admisce
767 1431 937 1526 partibus
967 1431 1017 1504 85
1031 1429 1189 1524 liquoris
1217 1429 1293 1503 iam
1320 1428 1425 1522 prius
1449 1428 1625 1502 collectis,

497 1559 644 1653 Elapsis
663 1559 855 1632 nonnullis
875 1558 1009 1632 diebus
1028 1556 1269 1651 sepositionis
1289 1556 1396 1629 filtra

536 1687 751 1760 Extractum
771 1687 883 1760 Colae
903 1686 1060 1759 fluidum
1080 1685 1129 1758 sit
1146 1685 1270 1778 liquor
1283 1683 1471 1778 limpidus,
1492 1682 1627 1757 coloris

428 1814 665 1903 rubro-fusci,
681 1813 808 1888 odoris
824 1812 956 1887 debilis
966 1812 1176 1907 peculiaria,
1187 1811 1335 1905 saporis
1349 1809 1626 1911 adstringentis,

428 1941 607 2034 ponderis
644 1941 808 2034 specifici
846 1940 1121 2013 0·996--1·05.
1159 1938 1203 2013 10
1240 1959 1340 2031 aqua
1376 1937 1523 2012 turbide
1556 1938 1630 2011 sol·

428 2072 546 2141 vatur.
565 2068 708 2142 Solutio
728 2069 845 2142 diluta
865 2068 992 2141 addita
1011 2067 1198 2140 solutione
1226 2067 1315 2139 ferri
1343 2064 1630 2159 sesquichlorati

429 2196 712 2290 praecipitatum
731 2195 866 2268 coloris
887 2193 1039 2268 sordide
1055 2193 1182 2266 viridis
1202 2193 1380 2266 demittat

538 2322 598 2397 Ad
618 2322 942 2396 determinandam
961 2321 1109 2394 60116101
1129 2319 1376 2413 quantitatem
1395 2318 1512 2392 misce

539 2449 701 2523 Extracti
721 2447 833 2522 Colae
853 2448 958 2522 lluidi
1295 2453 1496 2542 prommoto
1582 2446 1629 2520 lu

538 2576 762 2650 Ammoniae
1298 2579 1499 2671 prammato
1606 2576 1628 2648 3

536 2703 798 2778 Chloroformii
1293 2708 1495 2799 prammota
1569 2703 1631 2773 60.

534 2832 682 2925 Sepone
698 2833 904 2906 miscellam
916 2831 957 2904 in
970 2829 1207 2903 infundibulo
1223 2830 1457 2924 separatorio
1477 2828 1629 2921 saepius

425 2961 721 3052 conquassando
746 2982 814 3054 per
838 2959 884 3031 la
911 2959 1038 3031 horas.
1082 2958 1181 3030 Tum
1205 2978 1341 3051 separa
1365 2962 1527 3030 stratum
1549 2957 1629 3030 lim·

423 3088 554 3181 pidum
583 3086 912 3160 chloroformicum
941 3089 978 3158 et
1007 3084 1089 3157 eius
1118 3088 1327 3175 grammata
1348 3085 1398 3157 50
1420 3087 1486 3176 (=
1512 3085 1560 3157 10
1576 3104 1628 3175 gr.

425 3215 599 3304 Extracti)
645 3216 684 3287 in
715 3213 892 3304 lagenula
925 3216 1013 3305 6016
1040 3211 1219 3303 ponderis
1259 3211 1339 3283 noti
1386 3232 1551 3305 evapora
1592 3215 1630 3284 et

425 3343 571 3414 exsicca
591 3342 639 3414 ad
657 3341 809 3434 pondus
829 3344 1021 3413 constans,

531 3468 688 3542 Pondus
703 3468 816 3540 huius
831 3467 973 3540 residui
986 3466 1188 3559 crystallini
1204 3466 1278 3539 albi
1292 3465 1341 3538 sit
1357 3463 1510 3537 minime
1531 3462 1627 3538 deci·

421 3595 638 3687 grammatis
663 3595 679 3666 1
699 3594 935 3687 respondens
950 3594 1046 3688 06111
1061 3592 1287 3666 centesimae
1310 3591 1377 3666 uni
1396 3592 1450 3683 (l)
1467 3591 1627 3665 coffelni.

427 3922 934 4032 Eoelractcaem
986 3913 1626 4055 Uolocnnlmdia.

422 4103 501 4196 Rp:
533 4108 674 4180 1106106
694 4106 942 4196 colocynthidls
962 4126 985 4176 a
1004 4103 1211 4177 seminibus
1231 4102 1377 4176 liberati
1397 4112 1443 4183 (ΙΙ)

532 4236 677 4326 Spiritus
697 4235 773 4304 Vini
792 4234 894 4305 diluti
1295 4225 1343 4306 a‘a
1365 4238 1489 4327 portes
1564 4232 1624 4304 10.

495 4360 644 4434 Macera
661 4359 701 4432 in
714 4380 804 4432 vase
824 4364 921 4432 tecto
937 4380 1004 4451 per
1018 4358 1133 4432 horas
1151 4360 1191 4445 3;
1211 4363 1293 4433 tum
1307 4358 1437 4450 ingere
1456 4380 1626 4432 massam

423 4488 673 4560 madefactam
695 4486 735 4559 in
759 4491 982 4579 apparatum
1007 4485 1265 4579 depulsoriurn
1290 4491 1328 4560 et
1352 4486 1624 4580 superaffunde

534 4617 678 4706 Spiritus
697 4616 773 4685 11101
792 4615 894 4686 diluti
1361 4620 1484 4709 partes
1561 4615 1623 4687 50.
