3725 5400
720 534 957 607 -n35-

575 749 802 917 Lignum
841 750 1095 921 iuniperi.

352 969 545 1066 Inciperus
563 971 765 1065 communie,
783 971 882 1044 vide:
908 970 1060 1045 Flauo
1077 971 1250 1068 iuniperi.

349 1096 511 1191 Lignum
534 1119 555 1171 e
579 1103 726 1187 trunca,
755 1098 871 1171 ramis
900 1104 939 1171 et
969 1098 1093 1173 radice
1122 1100 1366 1192 desumptum
1398 1100 1437 1172 in

241 1225 370 1300 inustis
402 1227 623 1321 plerumque
655 1224 974 1318 longitudinaliter
1004 1226 1117 1317 fissis
1153 1228 1288 1300 cortice
1321 1226 1435 1315 tenui,
1497 1244 1499 1249 ·

242 1354 475 1427 extrinsecus
513 1352 648 1445 griseo,
696 1352 798 1425 intus
830 1353 1045 1445 ferrugineo
1078 1355 1221 1429 fibroso
1250 1355 1435 1443 indutum,

241 1480 333 1554 satis
353 1487 602 1574 compactum,
633 1479 740 1555 facile
759 1479 889 1569 fissile,
921 1481 1056 1554 coloris
1077 1480 1202 1571 albidi,
1223 1482 1439 1555 ochroleuci

240 1609 300 1681 vel
326 1608 470 1697 rubelli,
500 1608 540 1681 in
569 1607 735 1681 sectione
763 1612 983 1681 transversa
1011 1609 1116 1683 zonis
1146 1610 1329 1701 cuiusque
1349 1609 1439 1683 anni

241 1734 497 1823 concentricis,
532 1735 716 1829 aperturis
754 1755 935 1808 vasorum
974 1736 1225 1828 ductibusque
1262 1735 1437 1809 balsami·

239 1863 329 1935 ieris
357 1862 584 1951 canentibus,
614 1882 818 1935 accensum
848 1861 1005 1935 odorem
1025 1868 1173 1954 gratum
1192 1863 1438 1936 balsaminum

240 2010 437 2083 spargens

348 2116 458 2190 Radii
489 2117 596 2209 Ligni
627 2118 780 2194 nonnisi
812 2141 832 2192 e
866 2118 1105 2207 tracheldeis,
1146 2118 1295 2211 magnis
1333 2117 1437 2211 poris

243 2243 513 2318 orbicndaribus
532 2246 706 2320 areolatis
725 2248 948 2340 plerumque
971 2246 1010 2320 in
1029 2246 1159 2320 ordine
1179 2244 1438 2338 longitudinali

243 2370 409 2464 simplice
429 2372 571 2447 ornatis
592 2374 797 2471 constructi
816 2379 915 2448 sunt.

350 2498 512 2592 Lignum
539 2502 677 2575 radicis
696 2502 799 2594 ligno
828 2524 1021 2576 ramorum
1041 2506 1077 2575 et
1105 2500 1226 2575 tunmci
1244 2504 1437 2593 praestan·

242 2624 317 2700 tius
341 2626 510 2701 habetur.

576 2935 803 3102 lignun
835 2934 1109 3080 (luassiae.

355 3170 506 3261 Qoaosia
534 3195 661 3245 amora
679 3173 735 3263 L.,
769 3173 891 3247 frutex
926 3178 994 3246 aut
1024 3173 1224 3246 arbuscula
1243 3172 1436 3246 Amerieae

242 3297 416 3391 tropicae.

349 3424 509 3518 Lignum
528 3427 651 3500 trumci
675 3431 713 3501 el
731 3450 923 3502 ramorum
947 3429 987 3502 in
1006 3429 1208 3520 segmentis
1229 3426 1438 3521 cylindricis

242 3551 387 3644 pollicis
442 3553 491 3626 ad
542 3554 684 3628 brachii
741 3556 1003 3646 crassitudine,
1055 3558 1117 3629 vix
1176 3554 1435 3642 crassioribus,

241 3679 462 3773 plerumque
501 3682 636 3755 cortice
674 3684 787 3772 tenui,
827 3683 968 3756 1-1·5
1006 3683 1258 3757 millimetrnm
1292 3703 1435 3770 crasso,

241 3805 348 3881 facile
368 3808 576 3901 separabili,
597 3815 707 3884 entus
725 3810 832 3901 laevi,
855 3811 977 3903 griseo
997 3816 1063 3884 aut
1082 3811 1274 3899 subfusco,
1294 3809 1438 3904 passim

242 3933 476 4025 nigrescente
501 3941 682 4028 punctato
707 3936 848 4010 fibroso
869 3938 1038 4024 obtectis,
1072 3937 1238 4010 albidum
1266 3937 1326 4011 vel
1353 3936 1438 4009 sub-

243 4060 466 4150 flavescenS,
505 4062 596 4151 leve,
635 4063 741 4137 facile
780 4064 904 4155 fissile,
924 4065 1086 4139 tenuiter
1108 4064 1301 4152 fibrosnm,
1334 4068 1437 4137 iena-

241 4186 445 4277 cissimum,
482 4189 521 4263 in
560 4191 724 4265 sectione
762 4197 980 4266 transversa
1015 4191 1131 4265 radiis
1169 4190 1465 4269 medullaribus.

245 4313 450 4388 tenerrimis
508 4318 777 4411 approximatis
834 4320 1061 4413 annulisque
1118 4318 1435 4392 subconcentricis

241 4441 423 4533 angustis
463 4443 652 4517 instructis
685 4466 865 4519 nasorum
894 4446 1078 4540 aperturis
1097 4446 1318 4540 plerumque
1338 4444 1436 4517 binis

139 4660 146 4672 ι
242 4575 308 4642 aut
334 4570 450 4642 ternis
479 4571 691 4665 aggregatis
718 4574 790 4645 sub
817 4573 940 4646 forme
967 4578 1193 4664 punctorum
1213 4572 1435 4645 albidorum.

242 4696 393 4790 Saponis
414 4702 472 4770 est
491 4698 729 4788 amarissimi,
751 4698 814 4772 diu
833 4700 1004 4773 saucibus
1025 4698 1266 4772 inhaerentis.
